@article{acikalin2004perpetuity,
  title={The perpetuity trend of nonstandard linguistic forms},
  author={Acikalin, Isil},
  journal={International journal of the sociology of language},
  volume={165},
  pages={143-154},
  year={2004},
  publisher={Mouton de Gruyter},
  address={Berlin \& New York}
  }
@article{aldrich2006sadness,
  title={Sadness, anger, and frustration: Gendered patterns in early adolescents’ and their parents’ emotion talk},
  author={Aldrich, Naomi J and Tenenbaum, Harriet R},
  journal={Sex Roles},
  volume={55},
  number={11-12},
  pages={775--785},
  year={2006},
  publisher={Springer}
}
@article{alm2006german,
  title={German also: a focus particle or a discourse-pragmatic focus marking device?},
  author={Alm, Maria},
  journal={The Department of English in Lund: Working Papers in Linguistics},
  volume={6},
  pages={1-17},
  year={2006}
  }
@article{althaus2006priming,
  title={Priming effects in complex information environments: Reassessing the impact of news discourse on presidential approval},
  author={Althaus, Scott L and Kim, Young Mie},
  journal={Journal of Politics},
  volume={68},
  number={4},
  pages={960-976},
  year={2006},
  publisher={Wiley Online Library}
  }
@article{anderson1991hcrc,
  title={The HCRC map task corpus},
  author={Anderson, Anne H and Bader, Miles and Bard, Ellen Gurman and Boyle, Elizabeth and Doherty, Gwyneth and Garrod, Simon and Isard, Stephen and Kowtko, Jacqueline and McAllister, Jan and Miller, Jim and others},
  journal={Language and speech},
  volume={34},
  number={4},
  pages={351-366},
  year={1991},
  publisher={SAGE Publications}
  }
@article{anderson1991introducing,
  title={Introducing information in dialogues: forms of introduction chosen by young speakers and the responses elicited from young listeners},
  author={Anderson, Anne H and Clark, Aileen and Mullin, James},
  journal={Journal of Child Language},
  volume={18},
  number={3},
  pages={663-687},
  year={1991},
  publisher={Cambridge University Press}
  }
@article{anderson2006absolutely,
  author={Anderson, W.},
  year={2006},
  title={"Absolutely, totally, filled to the brim with the Famous Grouse": intensifying adverbs in the Scottish Corpus of Texts and Speech},
  journal={English Today},
  volume={22},
  number={3},
  pages={10-16}
  }
@article{austin2018multilevel,
author = {Austin, Peter C. and Leckie, George},
year = {2018},
title = {The effect of number of clusters and cluster size on statistical power and Type I error rates when testing random effects variance components in multilevel linear and logistic regression models},
journal = {Journal of Statistical Computation and Simulation}, 
volume = {88},
issue = {16},
pages = {3151-3163}
}  
  
@article{baayen1996chronic,
  title={Chronicling the Times: Productive Lexical Innovations in an English Newspaper},
  author={Baayen, R. Harald and Renouf, Antoinette},
  journal={Language},
  volume={72},
  number={1},
  year={1996},
  pages={69-96}
  }
@article{babel2010dialect,
  title={Dialect divergence and convergence in New Zealand English},
  author={Babel, Molly},
  journal={Language in Society},
  volume={39},
  number={4},
  pages={437-456},
  year={2010},
  publisher={Cambridge University Press}
  }
@article{bailey1991apparent,
  title={The apparent time construct},
  author={Bailey, Guy and Wikle, Tom and Tillery, Jan and Sand, Lori},
  journal={Language Variation and Change},
  volume={3},
  number={3},
  pages={241-264},
  year={1991},
  publisher={Cambridge University Press}
  }
@article{bakir1986sex,
  title={Sex differences in the approximation to standard Arabic: a case study},
  author={Bakir, Murtadha},
  journal={Anthropological linguistics},
  volume={28},
  pages={3-9},
  year={1986},
  publisher={JSTOR}
  }
@article{barbieri2005quotative,
  title={Quotative Use in American English A Corpus-Based, Cross-Register Comparison},
  author={Barbieri, Federica},
  journal={Journal of English Linguistics},
  volume={33},
  number={3},
  pages={222-256},
  year={2005},
  publisher={Sage Publications}
  }
@article{barbieri2008patterns,
  title={Patterns of age-based linguistic variation in American English1},
  author={Barbieri, Federica},
  journal={Journal of Sociolinguistics},
  volume={12},
  number={1},
  pages={58-88},
  year={2008},
  publisher={Wiley Online Library}
  }
@article{barnfield2010intensifiers,
  title={Intensifiers on Tyneside - Longitudinal developments and new trends},
  author={Barnfield, Kate and Buchstaller, Isabelle},
  journal={English World-Wide},
  volume={31},
  number={3},
  year={2010},
  pages={252-287}
  }
@article{barron2012interlanguage,
  author={Barron, Anne},
  year={2012},
  title={Interlanguage pragmatics: From use to acquisition to second language pedagogy},
  journal={Language Teaching},
  volume={45},
  number={1},
  pages={44-63}
  }
@article{barron2015backchannel,
  author={Barron, Anne and Black, Emily},
  year={2015},
  title={Constructing small talk in learner-native speaker voice-based telecollaboration: A focus on topic management and backchanneling},
  journal={System},
  volume={48},
  pages={112-128}
  }
@article{bauer2002adjective,
  author={Bauer, Laurie and Bauer, Winifred},
  year={2002},
  title={Adjective boosters in the English of young New Zealanders},
  journal={Journal of English Linguistics},
  volume={30},
  pages={244-257}
  }
@article{bauer2007grammatical,
  author={Bauer, Laurie},
  title={Some Grammatical Features of New Zealand English},
  journal={New Zealand English Journal},
  volume={21},
  year={2007},
  pages={1-25}
  }
@article{beckford2004language,
  author={Beckford Wassink, Alicia and Dyer, Judy},
  year={2004},
  title={Language Ideology and the Transmission of Phonological Change: Changing Indexicality in two Situations of Language Contact},
  journal={Journal of English Linguistics},
  volume={32},
  number={1},
  pages={3-30}
  }
@article{bell1984language,
  title={Language style as audience design},
  author={Bell, Allan},
  journal={Language in society},
  volume={13},
  number={2},
  pages={145-204},
  year={1984},
  publisher={Cambridge University Press}
  }
@article{belz2008computer,
  author={Belz, J. A.},
  year={2008},
  title={The role of computer mediation in the instruction and development of L2 pragmatic competence},
  journal={Annual Review of Applied Linguistics},
  volume={27},
  number={2007},
  pages={45-75}
  }
@article{bencini2000contribution,
  title={The contribution of argument structure constructions to sentence meaning},
  author={Bencini, Giulia ML and Goldberg, Adele E},
  journal={Journal of Memory and Language},
  volume={43},
  number={4},
  pages={640-651},
  year={2000},
  publisher={Elsevier}
  }
@article{berez2018reproducible,
  title={Reproducible research in linguistics: A position statement on data citation and attribution in our field},
  author={Berez-Kroeker, Andrea L and Gawne, Lauren and Kung, Susan Smythe and Kelly, Barbara F and Heston, Tyler and Holton, Gary and Pulsifer, Peter and Beaver, David I and Chelliah, Shobhana and Dubinsky, Stanley and others},
  journal={Linguistics},
  volume={56},
  number={1},
  pages={1--18},
  year={2018},
  publisher={De Gruyter}
  }
@article{berg2015locating,
  title={Locating affixes on the lexicon-grammar continuum},
  author={Berg, Thomas},
  journal={Cognitive Linguistic Studies},
  volume={2},
  number={1},
  year={2015},
  pages={150-180}
  }
@article{black2000effects,
  title={The effects of instructors' autonomy support and students' autonomous motivation on learning organic chemistry: A self-determination theory perspective},
  author={Black, Aaron E and Deci, Edward L},
  journal={Science education},
  volume={84},
  number={6},
  pages={740-756},
  year={2000},
  publisher={Wiley Online Library}
  }
@article{blake2003diphthong,
  author={Blake, Renee and Josey, Meredith},
  year={2003},
  title={The /ay/ Diphthong in a Martha's Vineyard Community: What Can We Say 40 Years after Labov?},
  journal={Language in Society},
  volume={32},
  number={4},
  pages={451-485}
  }
@article{blyth1990like,
  title={I'm like,say what?!: A new quotative in American oral narrative},
  author={Blyth, Carl and Recktenwald, Sigrid and Wang, Jenny},
  journal={American Speech},
  volume={65},
  number={3},
  year={1990},
  pages={215-227}
  }
@article{bock1986syntactic,
  title={Syntactic persistence in language production},
  author={Bock, J Kathryn},
  journal={Cognitive psychology},
  volume={18},
  number={3},
  pages={355-387},
  year={1986},
  publisher={Elsevier}
  }
@article{boggiano1993use,
  title={Use of techniques promoting students' self-determination: Effects on students' analytic problem-solving skills},
  author={Boggiano, Ann K and Flink, Cheryl and Shields, Ann and Seelbach, Aubyn and Barrett, Marty},
  journal={Motivation and Emotion},
  volume={17},
  number={4},
  pages={319-336},
  year={1993},
  publisher={Springer}
  }
@article{bohn1992production,
  title={The production of new and similar vowels by adult German learners of English},
  author={Bohn, Ocke-Schwen and Flege, James Emil},
  journal={Studies in Second Language Acquisition},
  volume={14},
  number={2},
  pages={131-158},
  year={1992},
  publisher={Cambridge University Press}
  }
@article{booth1994regression,
  author = {Booth GD, Niccolucci MJ, Schuster EG},
  year = {1994},
  title = {Identifying proxy sets in multiple linear regression: an aid to better coefficient interpretation. Research paper INT-470},
  publisher = {United States Department of Agriculture, Forest Service},
  address = {Ogden, USA}
}
@article{boyd2009input,
  title={Input Effects within a Constructionist Framework},
  author={Boyd, Jeremy K. and Goldberg, Adele E.},
  journal={The Modern Language Journal},
  volume={93},
  number={3},
  year={2009},
  pages={418-429}
  }
@article{boyd2011learning,
  title={Learning what not to say: The role of statistical preemption and categorization in a-adjective production},
  author={Boyd, Jeremy K and Goldberg, Adele E},
  journal={Language},
  volume={87},
  number={1},
  pages={55-83},
  year={2011},
  publisher={Linguistic Society of America}
  }
@article{breban2016very,
  title={The history of very: the directionality of functional shift and (inter)subjectification},
  author={Breban, Tine and Davidse, Kristin}, journa={English Language and Linguistics},
  volume={20},
  number={2},
  year={2016},
  pages={221-249}
  }
@article{brebner2003emotion,
  journal={Personality and Individual Differences},
  volume={34},
  number={3},
  year={2003},
  pages={387-394},
  title={Gender and emotions},
  author={Brebner, John}
  }
@article{breiman2001random,
  title={Random forests},
  author={Breiman, Leo},
  journal={Machine learning},
  volume={45},
  number={1},
  pages={5--32},
  year={2001},
  publisher={Springer}
}
@article{bresnan2008gradient,
  title={Gradient grammar: An effect of animacy on the syntax of give in New Zealand and American English},
  author={Bresnan, Joan and Hay, Jennifer},
  journal={Lingua},
  volume={118},
  number={2},
  pages={245-259},
  year={2008},
  publisher={Elsevier}
  }
@article{brizuela1999discourse,
  title={Discourse markers as indicators of register},
  author={Brizuela, Maquela and Andersen, Elaine and Stallings, Lynne},
  journal={Hispania},
  volume={82},
  number={1},
  pages={128-142},
  year={1999}
  }
@article{bronstein1996gender,
  title={Gender and family factors as predictors of late adolescent emotional expressiveness and adjustment: A longitudinal study},
  author={Bronstein, Phyllis and Briones, Maria and Brooks, Teri and Cowan, Brookes},
  journal={Sex Roles},
  volume={34},
  number={11-12},
  pages={739--765},
  year={1996},
  publisher={Springer}
}
@article{brody1984sex,
  title={Sex and age variations in the quality and intensity of children's emotional attributions to hypothetical situations},
  author={Brody, Leslie R},
  journal={Sex roles},
  volume={11},
  number={1-2},
  pages={51--59},
  year={1984},
  publisher={Springer}
}
@article{buchstaller2001alternative,
  title={An Alternative View of" Like": Its Grammaticalisation in Conversational American English and Beyond},
  author={Buchstaller, Isabelle},
  journal={Edinburgh Working Papers in Applied Linguistics},
  volume={11},
  pages={21-41},
  year={2001},
  publisher={ERIC}
  }
@article{buchstaller2006diagnostics,
  title={Diagnostics of age-graded linguistic behaviour: The case of the quotative system},
  author={Buchstaller, Isabelle},
  journal={Journal of Sociolinguistics},
  volume={10},
  number={1},
  pages={3-30},
  year={2006},
  publisher={Wiley Online Library}
  }
@article{bullinaria2007extracting,
author = {Bullinaria, J.A. and Levy, J.P.},
year = {2007},
title = {Extracting semantic representations from word co-occurrence statistics: A Computational Study},
journal = {Behavior Research Methods},
volume = {39},
pages = {510-526}
}
@article{buchstaller2006social,
  title={Social stereotypes, personality traits and regional perception displaced: Attitudes towards the new quotatives in the UK},
  author={Buchstaller, Isabelle},
  journal={Journal of Sociolinguistics},
  volume={10},
  number={3},
  pages={362-381},
  year={2006},
  publisher={Wiley Online Library}
  }
@article{buchstaller2008localized,
  title={The localization of global linguistic variants},
  author={Buchstaller, Isabelle},
  journal={English World Wide},
  volume={29},
  number={1},
  pages={15-44},
  year={2008},
  publisher={Wiley Online Library}
  }
@article{buchstaller2009localized,
  title={Localized globalization: A multi-local, multivariate investigation of quotative be like},
  author={Buchstaller, Isabelle and D'Arcy, Alexandra},
  journal={Journal of Sociolinguistics},
  volume={13},
  number={3},
  pages={291-331},
  year={2009},
  publisher={Wiley Online Library}
  }
@article{bybee2002word,
  title={Word frequency and context of use in the lexical diffusion of phonetically conditioned sound change},
  author={Bybee, Joan},
  journal={Language variation and change},
  volume={14},
  number={3},
  pages={261-290},
  year={2002},
  publisher={Cambridge University Press}
  }
@article{cedergren1974variable,
  title={Variable rules: Performance as a statistical reflection of competence},
  author={Cedergren, Henrietta J and Sankoff, David},
  journal={Language},
  volume={50},
  number={2},
  pages={333-355},
  year={1974},
  publisher={JSTOR}
  }
@article{chaplin2013gender,
  journal={Psychological Bulletin},
  volume={139},
  number={4},
  year={2013},
  pages={735-765},
  title={Gender Differences in Emotion Expression in Children: A Meta-Analytic Review},
  author={Chaplin, Tara M. and Aldao, Amelia}
  }
@article{cheshire2005syntactic,
  author={Cheshire, Jenny},
  title={Syntactic variation and beyond: Gender and social class variation in the use of discourse-new markers},
  journal={Journal of Sociolinguistics},
  volume={9},
  number={4},
  year={2005},
  pages={479-508}
  }
@article{cheshire2007discourse,
  title={Discourse variation, grammaticalisation and stuff like that},
  author={Cheshire, Jenny},
  journal={Journal of Sociolinguistics},
  volume={11},
  number={2},
  year={2007},
  pages={155-193}
  }
@article{church1967stress,
  title={Stress-Terminal Patterns: Intonation Clues to Punctuation},
  author={Church, Frank C.},
  journal={The English Journal},
  volume={56},
  number={3},
  year={1967},
  pages={426-434}
  }
@article{clarke2008can,
  title={When can group level clustering be ignored? Multilevel models versus single-level models with sparse data},
  author={Clarke, Philippa},
  journal={Journal of Epidemiology \& Community Health},
  volume={62},
  number={8},
  pages={752--758},
  year={2008},
  publisher={BMJ Publishing Group Ltd}
}
@article{clarke2007addressing,
  title={Addressing data sparseness in contextual population research: Using cluster analysis to create synthetic neighborhoods},
  author={Clarke, Philippa and Wheaton, Blair},
  journal={Sociological methods \& research},
  volume={35},
  number={3},
  pages={311--351},
  year={2007},
  publisher={Sage Publications Sage CA: Thousand Oaks, CA}
}
@article{clopper2006effects,
  title={Effects of region of origin and geographic mobility on perceptual dialect categorization},
  author={Clopper, Cynthia G and Pisoni, David B},
  journal={Language Variation and Change},
  volume={18},
  number={2},
  pages={193},
  year={2006},
  publisher={Cambridge University Press}
  }
@article{cochran1954somemethods,
  author={Cochran, W. G.},
  year={1954},
  title={Some methods for strengthening the common $\chi$^{2}tests},
  journal={Biometrics},
  volume={10},
  pages={417-451}
  }
@article{columbus2009ah,
  title={"Ah lovely stuff, eh?" invariant tag meanings and usage across three varieties of English},
  author={Columbus, Georgie},
  journal={Language and Computers},
  volume={71},
  number={1},
  pages={85-102},
  year={2009},
  publisher={Rodopi}
  }
@article{columbus2009irish,
  title={Irish like as an invariant tag: evidence from ICE-Ireland},
  author={Columbus, Georgie},
  journal={American Association for Corpus Linguistics (AACL)},
  year={2009}
  }
@article{columbus2010comparative,
  title={A comparative analysis of invariant tags in three varieties of English},
  author={Columbus, Georgie},
  journal={English World-Wide},
  volume={31},
  number={3},
  pages={288-310},
  year={2010},
  publisher={John Benjamins Publishing Company}
  }
@article{comrie2001languages,
  title={Languages of the world},
  author={Comrie, Bernard},
  journal={The handbook of linguistics},
  volume={262},
  pages={282},
  year={2001},
  publisher={Blackwell Oxford}
  }
@article{croucher2004like,
  title={Like, You know, What I'm saying: A study of discourse marker frequency in extemporaneous and impromptu speaking},
  author={Croucher, Stephen M},
  journal={National Forensic Journal},
  volume={22},
  number={2-3},
  pages={38-47},
  year={2004}
  }
@article{crystal1988another,
  title={Another look at, well, you know},
  author={Crystal, David},
  journal={English today},
  volume={4},
  number={1},
  pages={47-49},
  year={1988},
  publisher={Cambridge University Press},
  address={Cambridge}
  }
@article{dailey2000sociolinguistic,
  title={The sociolinguistic distribution of and attitudes toward focuser like and quotative like},
  author={Dailey-O'Cain, Jennifer},
  journal={Journal of Sociolinguistics},
  volume={4},
  number={1},
  pages={60-80},
  year={2000},
  publisher={Wiley Online Library}
  }
@article{darcy2006lexical,
  title={Lexical replacement and the like (s)},
  author={D'Arcy, Alexandra Faith},
  journal={American speech},
  volume={81},
  number={4},
  pages={339-357},
  year={2006},
  publisher={Duke University Press}
  }
@article{darcy2007ideology,
  title={Like and language ideology: Disentangling fact from fiction},
  author={D'Arcy, Alexandra Faith},
  journal={American Speech},
  volume={82},
  number={4},
  pages={386-419},
  year={2007},
  publisher={Duke University Press}
  }
@article{darcy2008canadian,
  title={Canadian English as a window to the rise of like in discourse},
  author={D'Arcy, Alexandra Faith},
  journal={Anglistik: International Journal of English Studies},
  volume={19},
  pages={125},
  year={2008}
  }
@article{darcy2010quoting,
  title={Quoting ethnicity: Constructing dialogue in Aotearoa/New Zealand},
  author={D'Arcy, Alexandra Faith},
  journal={Journal of Sociolinguistics},
  volume={14},
  number={1},
  pages={60-88},
  year={2010},
  publisher={Wiley Online Library}
  }
@article{darcy2015stability,
  title={Stability, stasis and change - The longue duree of intensification},
  author={D'Arcy, Alexandra Faith},
  journal={Diachronica},
  volume={32},
  number={4},
  pages={449-493},
  year={2015},
  publisher={John Benjamins Publishing Company}
  }
@article{dedecker2010sounds,
  journal={University of Pennsylvania Working Papers in Linguistics},
  volume={15},
  number={2},
  year={2010},
  title={Sounds Shifty: Gender and Age Differences in Perceptual Categorization During a Phonetic Change in Progress},
  author={De Decker, Paul},
  pages={50-60}
  }
@article{deklerk2005expressing,
  title={Expressing levels of intensity in Xhosa English},
  author={de Klerk, Vivian},
  journal={English World-Wide},
  volume={26},
  number={1},
  year={2005},
  pages={77-95}
  }
@article{deterding1997vowels,
  title={The Formants of Monophthong Vowels in Standard Southern British English Pronunciation},
  author={Deterding, David},
  journal={Journal of the International Phonetic Association},
  volume={27},
  number={1-2},
  year={1997},
  pages={47-55}
  }
@article{diessel1999complement,
  author={Diessel, Holger and Tomasello, Michael},
  year={1999},
  title={Why complement clauses do not include a that-complementizer in early child language},
  journal={Berkeley Linguistics Society},
  address={Berkeley},
  volume={25},
  pages={86-97}
  }
@article{diessel2000development,
  author={Diessel, Holger and Tomasello, Michael},
  year={2000},
  title={The development of relative clauses in English},
  journal={Cognitive Linguistics},
  volume={11},
  pages={131-151}
  }
@article{diessel2001finite,
  author={Diessel, Holger and Tomasello, Michael},
  year={2001},
  title={The acquisition of finite complement clauses in English: A corpus-based analysis},
  journal={Cognitive Linguistics},
  volume={12},
  pages={1-45}
  }
@article{diessel2004acquisition,
  author={Diessel, Holger},
  year={2004},
  title={The Acquisition of Complex Sentences},
  address={Cambridge},
  publisher={Cambridge University Press}
  }
@article{diessel2005competing,
  author={Diessel, Holger},
  year={2005},
  title={Competing motivations for the ordering of main and adverbial clauses},
  journal={Linguistics},
  volume={43},
  pages={449-470}
  }
@article{diessel2005newlokk,
  author={Diessel, Holger and Tomasello, Michael},
  year={2005},
  title={A new look at the acquisition of relative clauses},
  journal={Language},
  volume={81},
  pages={1-25}
  }
@article{diewald2011pragmaticalization,
  title={Pragmaticalization (defined) as grammaticalization of discourse functions},
  author={Diewald, Gabriele},
  journal={Linguistics},
  volume={49},
  number={2},
  pages={365-390},
  year={2011}
  }
@article{dixon1977adjectives,
  title={Where have all the adjectives gone?},
  author={Dixon, R. M. W.},
  year={1977},
  journal={Studies in Language},
  volume={1},
  pages={19–80}
  }
@article{dodsworth2012urban,
  title={Urban rejection of the vernacular: The SVS undone},
  author={Dodsworth, Robin and Kohn, Mary},
  journal={Language Variation and Change},
  volume={24},
  number={2},
  pages={221-245},
  year={2012},
  publisher={Cambridge University Press}
  }
@article{dollinger2008uniquely,
  title={Uniquely Canadian, eh?},
  author={Dollinger, Stefan},
  journal={American Speech},
  volume={83},
  number={4},
  pages={472-475},
  year={2008},
  publisher={Duke University Press}
  }
@article{dollinger2011canadian,
  title={Candian English: can-eh-dian, or, the continuous short-a system},
  author={Dollinger, Stefan},
  journal={American Speech},
  volume={86},
  number={4},
  pages={480-489},
  year={2011},
  publisher={Duke University Press}
  }
@article{dryer1988objectverborder,
  author={Dryer, Matthew S.},
  journal={Lingua},
  pages={77-109},
  title={Object-Verb Order and Adjective-Noun Order: Dispelling a Myth},
  volume={74},
  year={1988}, doi={10.1016/0024-3841(88)90059-9}
  }
@article{dryer1992wordorder,
  author={Dryer, Matthew S.},
  journal={Language},
  pages={81-138},
  title={The Greenbergian Word Order Correlations},
  volume={68},
  year={1992}, doi={10.2307/416370}
  }
@article{dubois1999when,
  title={When the music changes you change too: Gender and language change in Cajun English},
  author={Sylvie, Dubois and Horvath, Barbara M},
  journal={Language Variation and Change},
  volume={11},
  number={3},
  pages={287-313},
  year={1999}
  }
@article{eckert1988adolescent,
  title={Adolescent social structure and the spread of linguistic change},
  author={Eckert, Penelope},
  journal={Language in society},
  volume={17},
  number={2},
  pages={183-207},
  year={1988},
  publisher={Cambridge University Press}
  }
@article{eckert1989whole,
  title={The whole woman: Sex and gender differences in variation},
  author={Eckert, Penelope},
  journal={Language variation and change},
  volume={1},
  number={3},
  pages={245-267},
  year={1989},
  publisher={Cambridge University Press}
  }
@article{eckman1977markedness,
  title={Markedness and the contrastive analysis hypothesis},
  author={Eckman, Fred R},
  journal={Language learning},
  volume={27},
  number={2},
  pages={315-330},
  year={1977},
  publisher={Wiley Online Library}
  }
@article{ekman1992argument,
  title={An argument for basic emotions},
  author={Ekman, Paul},
  journal={Cognition \& emotion},
  volume={6},
  number={3-4},
  pages={169-200},
  year={1992},
  publisher={Taylor \& Francis}
  }
@article{erman2001pragmatic,
  title={Pragmatic markers revisited with a focus on< i> you know</i> in adult and adolescent talk},
  author={Erman, Britt},
  journal={Journal of pragmatics},
  volume={33},
  number={9},
  pages={1337-1359},
  year={2001},
  publisher={Elsevier}
  }
@article{farrell2005english,
  title={English Verb-Preposition Constructions: Constituency and Order},
  author={Farrell, Patrick},
  journal={Language},
  volume={81},
  number={1},
  year={2005},
  pages={96-137}
  }
@article{feldman2013techniques,
  title={Techniques and applications for sentiment analysis},
  author={Feldman, Ronen},
  journal={Communications of the ACM},
  volume={56},
  number={4},
  pages={82--89},
  year={2013},
  publisher={ACM}
}
@article{ferrara1995sociolinguistic,
  title={Sociolinguistic variation and discourse function of constructed dialogue introducers: The case of be+ like},
  author={Ferrara, Kathleen and Bell, Barbara},
  journal={American Speech},
  volume={70},
  number={3},
  pages={265-290},
  year={1995},
  publisher={JSTOR}
  }
@article{fanelli2009fraud,
  journal={PLoS One},
  year={2009},
  volume={4},
  issue={5},
  pages={e5738},
  author={Fanelli, Daniele},
  title={How Many Scientists Fabricate and Falsify Research? A Systematic Review and Meta-Analysis of Survey Data}
  }
@article{flege1992talker,
  title={Talker and listener effects on degree of perceived foreign accent},
  author={Flege, James Emil and Fletcher, Kathryn L},
  journal={The Journal of the Acoustical Society of America},
  volume={91},
  number={1},
  pages={370-389},
  year={1992},
  publisher={ASA}
  }
@article{flege1995second,
  title={Second language speech learning: Theory, findings, and problems},
  author={Flege, James E},
  journal={Speech perception and linguistic experience: Issues in cross-language research},
  pages={233-277},
  year={1995}
  }
@article{fox2002basic,
  title={Basic meanings of< i> you know</i> and< i> I mean</i>},
  author={Fox Tree, Jean E and Schrock, Josef C},
  journal={Journal of Pragmatics},
  volume={34},
  number={6},
  pages={727-747},
  year={2002},
  publisher={Elsevier}
  }
@article{fox2010itslikemmm,
  title={It's like mmm: Enactments with it's like},
  author={Fox, Barbara A and Robles, Jessica},
  journal={Discourse Studies},
  volume={12},
  number={6},
  pages={715-738},
  year={2010},
  publisher={SAGE Publications}
  }
@article{fraser1990approach,
  title={An approach to discourse markers},
  author={Fraser, Bruce},
  journal={Journal of pragmatics},
  volume={14},
  number={3},
  pages={383-398},
  year={1990},
  publisher={Elsevier}
  }
@article{fuchs2017women,
  author={Fuchs, Robert},
  year={2017},
  title={Do women (still) use more intensifiers than men?},
  journal={International Journal of Corpus Linguistics},
  volume={22},
  number={3},
  pages={345-374}
}
@article{fuller2003use,
  title={Use of the discourse marker like in interviews},
  author={Fuller, Janet M},
  journal={Journal of sociolinguistics},
  volume={7},
  number={3},
  pages={365-377},
  year={2003},
  publisher={Wiley Online Library}
  }
@article{gaddis1990introduction,
  title={Introduction to biostatistics: Part 2, descriptive statistics},
  author={Gaddis, Gary M and Gaddis, Monica L},
  journal={Annals of Emergency Medicine},
  volume={19},
  number={3},
  pages={309--315},
  year={1990},
  publisher={Elsevier}
}
@article{gahl2004knowledge,
  title={Knowledge of grammar, knowledge of usage: Syntactic probabilities affect pronunciation variation},
  author={Gahl, Susanne and Garnsey, Susan M.},
  journal={Language},
  pages={748-775},
  year={2004},
  volume={80},
  number={4},
  publisher={JSTOR}
  }
@article{giegerich2012ly,
  title={The morphology of -ly and the categorial status of 'adverbs' in English},
  author={Giegerich, Heinz J.},
  journal={English Language and Linguistics},
  volume={16},
  number={3},
  year={2012},
  pages={314-359}
  }
@article{golato2000innovative,
  title={An innovative German quotative for reporting on embodied actions: Und ich so und er so and i'm like and he's like},
  author={Golato, Andrea},
  journal={Journal of Pragmatics},
  volume={32},
  number={1},
  pages={29-54},
  year={2000},
  publisher={Elsevier}
  }
@article{gold2006eh,
  title={Eh? and hein?: Discourse particles or national icons?},
  author={Gold, Elaine and Tremblay, Mireille},
  journal={The Canadian Journal of Linguistics/La revue canadienne de linguistique},
  volume={51},
  number={2},
  pages={247-263},
  year={2006},
  publisher={University of Toronto Press}
  }
@article{goldberg1992inherent,
  title={The inherent semantics of argument structure: The case of the English ditransitive construction},
  author={Goldberg, Adele E.},
  year={1992},
  journal={Cognitive Linguistics},
  volume={3},
  number={1},
  pages={37-74}
  }
@article{goldberg2004result,
  title={The English Resultative as a Family of Constructions},
  author={Goldberg, Adele E. and Jackendoff, Ray},
  journal={Language},
  volume={80},
  number={3},
  year={2004},
  pages={532-568}
  }
@article{goldshmidt2000talking,
  title={"Talking Emotions": Gender differences in a variety of conversational contexts},
  author={Goldshmidt, Orly Turgeman and Weller, Leonard},
  journal={Symbolic Interaction},
  volume={23},
  number={2},
  pages={117--134},
  year={2000},
  publisher={Wiley Online Library}
}
@article{gorlach1987colonial,
  title={Colonial lag? The alleged conservative character of American English and other colonial varieties},
  author={G{\"o}rlach, Manfred},
  journal={African studies},
  volume={46},
  number={2},
  pages={179-197},
  year={1987},
  publisher={Taylor \& Francis}
  }
@article{green1991many,
  title={How many subjects does it take to do a regression analysis},
  author={Green, Samuel B},
  journal={Multivariate behavioral research},
  volume={26},
  number={3},
  pages={499-510},
  year={1991},
  publisher={Taylor \& Francis}
  }
@article{greenbaum1988proposal,
  title={A proposal for an international computerized corpus of English},
  author={Greenbaum, Sidney},
  journal={World Englishes},
  volume={7},
  number={3},
  pages={315-315},
  year={1988},
  publisher={Wiley Online Library}
  }
@article{gries2005converging,
  title={Converging evidence: Bringing together experimental and corpus data on the association of verbs and constructions},
  author={Gries, Stefan Th and Hampe, Beate and Sch{\"o}nefeld, Doris},
  year={2005},
  journal={Cognitive Linguistics},
  pages={635-676},
  volume={16},
  number={4}
  }
@article{gries2005syntactic,
  title={Syntactic priming: A corpus-based approach},
  author={Gries, Stefan Th},
  journal={Journal of psycholinguistic research},
  volume={34},
  number={4},
  pages={365-399},
  year={2005},
  publisher={Springer}
  }
@article{gries2009whatiscorpuslinguistics,
  title={What is Corpus Linguistics?},
  author={Gries, Stefan Th.},
  journal={Language and Linguistics Compass},
  volume={3},
  year={2009},
  pages={1-17}
  }
@article{gries2010modeling,
  title={Modeling diachronic change in the third person singular: a multifactorial, verb-and author-specific exploratory approach},
  author={Gries, Stefan Th and Hilpert, Martin},
  journal={English Language and Linguistics},
  volume={14},
  number={3},
  pages={293-320},
  year={2010},
  publisher={Cambridge University Press}
  }
@article{gries2012variability,
  title={variability-based neighbor clustering},
  author={Gries, Stefan and Hilpert, Martin},
  journal={The Oxford Handbook of the History of English},
  pages={134},
  year={2012},
  publisher={Oxford University Press},
  address={Oxford}
  }
@article{gries2013sources,
  title={Sources of variability relevant to the cognitive sociolinguist, and corpus- as well as psycholinguistic methods and notions to handle them},
  author={Gries, Stefan Th},
  year={2013},
  journal={Journal of Pragmatics},
  pages={5-16},
  volume={52}
  }
@article{grossman1993sex,
  title={Sex differences in intensity of emotional experience: a social role interpretation.},
  author={Grossman, Michele and Wood, Wendy},
  journal={Journal of personality and social psychology},
  volume={65},
  number={5},
  pages={1010},
  year={1993},
  publisher={American Psychological Association}
}
@article{gurevich2010incidental,
  title={Incidental verbatim memory for language},
  author={Gurevich, Olga and Johnson, Matthew A and Goldberg, Adele E},
  journal={Language and Cognition},
  volume={2},
  number={1},
  pages={45-78},
  year={2010}
  }
@article{guy2011speech,
  title={Speech style and authenticity: Quantitative evidence for the performance of identity},
  author={Guy, Gregory R and Cutler, Cecelia},
  journal={Language variation and change},
  volume={23},
  number={1},
  pages={139-162},
  year={2011},
  publisher={Cambridge University Press}
  }
@article{haiman1989alienation,
  title={Alienation in grammar},
  author={Haiman, John},
  journal={Studies in Language},
  volume={13},
  number={1},
  pages={129-170},
  year={1989},
  publisher={John Benjamins Publishing Company}
  }
@article{halliday1967notes,
  title={Notes on transitivity and theme in English: Part 2},
  author={Halliday, Michael AK},
  journal={Journal of linguistics},
  volume={3},
  number={2},
  pages={199-244},
  year={1967},
  publisher={Cambridge University Press}
  }
@article{harrington2011physiological,
  title={The physiological, acoustic, and perceptual basis of high back vowel fronting: Evidence from German tense and lax vowels},
  author={Harrington, Jonathan and Hoole, Phil and Kleber, Felicitas and Reubold, Ulrich},
  journal={Journal of Phonetics},
  volume={39},
  number={2},
  pages={121-131},
  year={2011},
  publisher={Elsevier}
  }
@article{hawkins2005rpvowels,
  title={Formant frequencies of RP monophthongs in four age groups of speakers},
  author={Hawkins, Sarah and Midgley, Jonathan},
  journal={Journal of the International Phonetic Association},
  volume={35},
  number={2},
  pages={183-199},
  year={2005}
  }
@article{hay2004what,
  title={What Constrains Possible Suffix Combinations? On the Interaction of Grammatical and Processing Restrictions in Derivational Morphology},
  author={Hay, Jennifer and Plag, Ingo},
  journal={Natural Language \& Linguistic Theory},
  volume={22},
  number={3},
  year={2004},
  pages={565-596}
  }
@article{hay2005shifting,
  title={Shifting paradigms: gradient structure in morphology},
  author={Hay, Jennifer B. and Baayen, R. Harald},
  journal={Trends in Cognitive Sciences},
  volume={9},
  number={7},
  year={2005},
  pages={342-348}
  }
@article{hjarvard2004globalization,
  title={The globalization of language},
  author={Hjarvard, Stig},
  journal={Nordicom Review},
  volume={25},
  pages={75-97},
  year={2004}
  }
@article{hoffmann2017sentiment,
  title={"Too many Americans are trapped in fear, violence and poverty": A psychology-informed sentiment analysis of campaign speeches from the 2016 US Presidential Election},
  author={Hoffmann, Thomas},
  journal={Linguistics Vanguard},
  volume={4},
  year={2017},
  number={1},
  pages={1-9}
}
@article{holmes1997maori,
  title={Maori and Pakeha English: some New Zealand social dialect data},
  author={Holmes, Janet},
  journal={Language in Society},
  volume={26},
  number={1},
  pages={65-101},
  year={1997},
  publisher={Cambridge University Press}
  }
@article{holmes1997setting,
  title={Setting new standards: sound changes and gender in New Zealand English},
  author={Holmes, Janet},
  journal={English world-wide},
  volume={18},
  number={1},
  pages={107-142},
  year={1997},
  publisher={John Benjamins Publishing Company}
  }
@article{holmes1997women,
  title={Women, language and identity},
  author={Holmes, Janet},
  journal={Journal of Sociolinguistics},
  volume={1},
  number={2},
  pages={195-223},
  year={1997},
  publisher={Wiley Online Library}
  }
@article{holmes2001corpus,
  title={A corpus-based view of gender in New Zealand English},
  author={Holmes, Janet},
  journal={Hellinger and Bu{\ss}mann (2001/2)},
  pages={115-136},
  year={2001}
  }
@article{holmes2003language,
  title={Language, Humour and Ethnic Identity Marking in New Zealand English Janet HoImes, Maria Stubbe and Meredith Marra Victoria University of Wellington, New Zealand},
  author={HoImes, Janet},
  journal={The Politics of English as a World Language: New Horizons in Postcolonial Cultural Studies},
  volume={7},
  pages={431},
  year={2003},
  publisher={Rodopi}
  }
@article{holmes2005using,
  title={Using M{\=a}ori English in New Zealand},
  author={Holmes, Janet},
  journal={International journal of the sociology of language},
  volume={2005},
  number={172},
  pages={91-115},
  year={2005}
  }
@article{house1981rolle,
  author={House, Juliane and Kasper, Gabriele},
  year={1981},
  title={Zur Rolle der Kognition in Kommunikationskursen},
  journal={Die Neueren Sprachen},
  volume={80},
  number={1},
  pages={42-55}
  }
@article{ito2003well,
  title={Well weird, right dodgy, very strange, really cool: Layering and recycling in English intensifiers},
  author={Ito, Rika and Tagliamonte, Sali},
  journal={Language in Society},
  volume={32},
  year={2003},
  pages={257-279}
  }
@article{iyeiri2005gender,
  title={Gender and Style: The Discourse Particle like in the Corpus of Spoken Professional American English},
  author={Iyeiri, Yoko and Yaguchi, Michiko and Okabe, Hiroko},
  journal={English Corpus Studies},
  volume={12},
  pages={37-52},
  year={2005}
  }
@article{jager2008priming,
  title={Priming and unidirectional language change},
  author={J{\"a}ger, Gerhard and Rosenbach, Anette},
  journal={Theoretical linguistics},
  volume={34},
  number={2},
  pages={85-113},
  year={2008}
  }
@article{jager2008testing,
  title={Priming as a testing ground for historical linguists?-A reply to Chang, Eckardt and Traugott},
  author={J{\"a}ger, Gerhard and Rosenbach, Anette},
  journal={Theoretical Linguistics},
  volume={34},
  number={2},
  pages={143-156},
  year={2008}
  }
@article{james1983compromisers,
  title={Compromisers in English: a cross-disciplinary approach to their interpersonal significance},
  author={James, Allan R},
  journal={Journal of pragmatics},
  volume={7},
  number={2},
  pages={191-206},
  year={1983},
  publisher={Elsevier}
  }
@article{johnson2009getting,
  title={Getting off the GoldVarb Standard: Introducing Rbrul for Mixed-Effects Variable Rule Analysis},
  author={Johnson, Daniel Ezra},
  journal={Language and linguistics compass},
  volume={3},
  number={1},
  pages={359-383},
  year={2009},
  publisher={Wiley Online Library}
  }
@article{johnson1989language,
  title={The language of emotions: An analysis of a semantic field},
  author={Johnson-Laird, Philip Nicholas and Oatley, Keith},
  journal={Cognition and emotion},
  volume={3},
  number={2},
  pages={81--123},
  year={1989},
  publisher={Taylor \& Francis}
}
@article{jucker2003interactive,
  title={Interactive aspects of vagueness in conversation},
  author={Jucker, Andreas H and Smith, Sara W and L{\"u}dge, Tanja},
  journal={Journal of Pragmatics},
  volume={35},
  number={12},
  pages={1737-1769},
  year={2003},
  publisher={Elsevier}
  }
@article{juhasz1970ranschburgsche,
  title={Das Ranschburgsche Phanomen beim Lernen von Fremdsprachen (The Ranschburg Phenomenon in Foreign Language Learning).},
  author={Juhasz, Janos},
  journal={Linguistik und Didaktik},
  year={1970},
  volume={1},
  number={3},
  pages={215-221},
  publisher={ERIC}
  }
@article{kammacher2011attitudinal,
  title={Attitudinal and sociostructural factors and their role in dialect change: Testing a model of subjective factors},
  author={Kammacher, Louise and St{\ae}hr, Andreas and J{\o}rgensen, J Normann},
  journal={Language Variation and Change},
  volume={23},
  number={1},
  pages={87-104},
  year={2011},
  publisher={Cambridge University Press}
  }
@article{kaschak2000constructing,
  title={Constructing meaning: The role of affordances and grammatical constructions in sentence comprehension},
  author={Kaschak, Michael P and Glenberg, Arthur M},
  journal={Journal of memory and language},
  volume={43},
  number={3},
  pages={508-529},
  year={2000},
  publisher={Elsevier}
  }
@article{kastronic2011discourse,
  title={Discourse Like in Quebec English},
  author={Kastronic, Laura},
  journal={University of Pennsylvania Working Papers in Linguistics},
  volume={17},
  number={2},
  pages={13},
  year={2011}
  }
@article{kavanagh2008rise,
  title={The Rise of English, eh?},
  author={Kavanagh, Matt},
  journal={ESC: English Studies in Canada},
  volume={34},
  number={4},
  pages={7-10},
  year={2008},
  publisher={Association of Canadian College and University Teachers of English}
  }
@article{keller1979gambits,
  title={Gambits: Conversational strategy signals},
  author={Keller, Eric},
  journal={Journal of pragmatics},
  volume={3},
  number={3},
  pages={219-238},
  year={1979},
  publisher={Elsevier}
  }
@article{king2010all,
  title={All us girls were like euuh!: Conversational work of be like in New Zealand adolescent talk},
  author={King, Brian},
  journal={New Zealand English Journal},
  volume={24},
  pages={15-32},
  year={2010}
  }
@article{knott1994using,
  title={Using linguistic phenomena to motivate a set of coherence relations},
  author={Knott, Alistair and Dale, Robert},
  journal={Discourse processes},
  volume={18},
  number={1},
  pages={35-62},
  year={1994},
  publisher={Taylor \& Francis}
  }
@article{kroch1978toward,
  title={Toward a theory of social dialect variation},
  author={Kroch, Anthony S},
  journal={Language in society},
  volume={7},
  number={1},
  pages={17-36},
  year={1978},
  publisher={Cambridge University Press}
  }
@article{kursa2010feature,
  title={Feature selection with the Boruta package},
  author={Kursa, Miron B and Rudnicki, Witold R and others},
  journal={Journal of Statistical Software},
  volume={36},
  number={11},
  pages={1--13},
  year={2010}
}
@article{kusurkar2010effects,
  title={Effects of age, gender and educational background on strength of motivation for medical school},
  author={Kusurkar, Rashmi and Kruitwagen, Cas and ten Cate, Olle and Croiset, Gerda},
  journal={Advances in health sciences education},
  volume={15},
  number={3},
  pages={303-313},
  year={2010},
  publisher={Springer}
  }
@article{kusurkar2013motivation,
  title={How motivation affects academic performance: a structural equation modelling analysis},
  author={Kusurkar, RA and Ten Cate, Th J and Vos, CMP and Westers, P and Croiset, G},
  journal={Advances in Health Sciences Education},
  volume={18},
  number={1},
  pages={57-69},
  year={2013},
  publisher={Springer}
  }
@article{labov1969logic,
  title={The Logic of Non-Standard English},
  author={Labov, William},
  journal={Florida FL Rep},
  year={1969},
  publisher={ERIC}
  }
@article{labov1972some,
  title={Some principles of linguistic methodology},
  author={Labov, William},
  journal={Language in society},
  volume={1},
  number={1},
  pages={97-120},
  year={1972},
  publisher={Cambridge University Press}
  }
@article{labov1982objectivity,
  title={Objectivity and commitment in linguistic science: The case of the Black English trial in Ann Arbor},
  author={Labov, William},
  journal={Language in Society},
  volume={11},
  number={2},
  pages={165-201},
  year={1982},
  publisher={Cambridge University Press}
  }
@article{labov1990intersection,
  title={The intersection of sex and social class in the course of linguistic change},
  author={Labov, William},
  journal={Language variation and change},
  volume={2},
  number={2},
  pages={205-254},
  year={1990},
  publisher={Cambridge University Press}
  }
@article{labov2007transmission,
  title={Transmission and diffusion},
  author={Labov, William},
  journal={Language},
  volume={83},
  number={2},
  pages={344-387},
  year={2007},
  publisher={JSTOR}
  }
@article{lackey2009different,
  author={Lackey, Emma}, titke={It's different back home, eh? Differences in rural and urban use of the Canadian 'eh'},
  journal={Strathy Undergraduate Working Papers on Canadian English},
  volume={7},
  year={2009}
  }
@article{lakoff1973language,
  title={Language and woman's place},
  author={Lakoff, Robin},
  journal={Language in society},
  volume={2},
  number={1},
  pages={45-79},
  year={1973},
  publisher={Cambridge University Press}
  }
@article{lakoff1980conceptual,
  title={Conceptual Metaphor in Everyday Language},
  author={Lakoff, George and Johnson, Mark},
  journal={The Journal of Philosophy},
  volume={77},
  number={8},
  year={1980},
  pages={453-486}
  }
@article{lakoff1980metaphorical,
  title={The metaphorical structure of the human conceptual system},
  author={Lakoff, George and Johnson, Mark},
  journal={Cognitive Science},
  volume={4},
  number={2},
  pages={195-208},
  year={1980},
  publisher={Wiley Online Library}
  }
@article{langacker1985observations,
  title={Observations and speculations on subjectivity},
  author={Langacker, Ronald W},
  journal={Iconicity in syntax},
  volume={1},
  number={985},
  pages={109},
  year={1985},
  publisher={John Benjamins},
  address={Amsterdam}
  }
@article{lass1976variation,
  author={Lass, Roger},
  year={1976},
  title={Variation studies and historical linguistics},
  journal={Language in Society},
  volume={5}, issue={2},
  pages={219-229}
  }
@article{lepage1968problems,
  title={Problems of the descriptiuon of multilingual communities},
  author={Le Page, R. B},
  journal={Transactions of the Philological Society for 1968},
  volume={67},
  number={1},
  pages={189-212},
  year={1968}
  }
@article{levelt1982surface,
  title={Surface form and memory in question answering},
  author={Levelt, Willem JM and Kelter, Stephanie},
  journal={Cognitive psychology},
  volume={14},
  number={1},
  pages={78-106},
  year={1982},
  publisher={Elsevier}
  }
@article{levey2003he,
  title={He's like â€˜Do it now!'and I'm like â€˜No!'},
  author={Levey, Stephen},
  journal={English Today},
  volume={19},
  number={1},
  pages={24-32},
  year={2003},
  publisher={Cambridge University Press}
  }
@article{levey2006sociolinguistic,
  title={The sociolinguistic distribution of discourse marker like in preadolescent speech},
  author={Levey, Stephen},
  journal={Multilingua-Journal of Cross-Cultural and Interlanguage Communication},
  volume={25},
  number={4},
  pages={413-441},
  year={2006}
  }
@article{liebich2002canadian,
  title={Canadian, Eh},
  author={Liebich, Andr{\'e}},
  journal={JEMIE},
  pages={1},
  year={2002},
  publisher={HeinOnline}
  }
@article{lieven1997lexically,
  author={Lieven, Elena V. M. and Pine, Julian M. and Baldwin, Gillian},
  year={1997},
  title={Lexically-based learning and early grammatical development},
  journal={Journal of Child Language},
  volume={24},
  pages={187-219}
  }
@article{louw1991classroom,
  title={Classroom concordancing of delexical forms and the case for integrating language and literature},
  author={Louw, Bill},
  journal={English Language Research Journal},
  volume={4},
  pages={151-178},
  year={1991}
  }
@article{maas2005sufficient,
  title={Sufficient sample sizes for multilevel modeling},
  author={Maas, Cora JM and Hox, Joop J},
  journal={Methodology},
  volume={1},
  number={3},
  pages={86--92},
  year={2005},
  publisher={Hogrefe \& Huber Publishers}
}
@article{macaulay2001you,
  title={You're like â€˜why not?'The quotative expressions of Glasgow adolescents},
  author={Macaulay, Ronald K. S},
  journal={Journal of Sociolinguistics},
  volume={5},
  number={1},
  pages={3-21},
  year={2001},
  publisher={Wiley Online Library}
  }
@article{macaulay2006pure,
  title={Pure grammaticalization: The development of a teenage intensifier},
  author={Macaulay, Ronald},
  journal={Language Variation and Change},
  volume={18},
  year={2006},
  pages={267-283}
  }
@article{martin2004sir,
  title={Sir John Eh? Macdonald: Recovering a Voice from History},
  author={Martin, Ged},
  journal={British Journal of Canadian Studies},
  volume={17},
  number={1},
  pages={117-124},
  year={2004},
  publisher={LUP}
  }
@article{maschler2001veke,
  title={Veke'ilu haraglayim sh'xa nitka'ot bifnim kaze ('and Like Your Feet Get Stuck Inside Like'): Hebrew kaze ('Like'), ke'ilu ('Like'), and the Decline of Israeli Dugri ('Direct') Speech},
  author={Maschler, Yael},
  journal={Discourse Studies: An Interdisciplinary Journal for the Study of Text and Talk},
  volume={3},
  pages={295-326},
  year={2001}
  }
@article{maynard1984topical,
  author={Maynard, D. W. and Zimmerman, D. H.},
  year={1984},
  title={Topical talk, ritual and the social organization of relationships},
  journal={Social Psychology Quarterly},
  volume={47},
  number={4},
  pages={301}
  }
@article{mcgurk1976hearing,
  author={McGurk, Harry and MacDonald, John}, 
  year={1976}, 
  title={Hearing lips and seeing voices},
  journal={Nature},
  volume={264},
  pages={746–748}
  }
@article{meehan1991happening,
  title={It's like,'What's happening in the evolution of like?': A theory of grammaticalization},
  author={Meehan, Teresa},
  year={1991},
  pages={37-51},
  volume={16},
  journal={Kansas Working Papers in Linguistics},
  publisher={University of Kansas. Lingusitics Graduate Student Association}
  }
@article{meier2005metaphorical,
  title={The metaphorical representation of affect},
  author={Meier, Brian P and Robinson, Michael D},
  journal={Metaphor and Symbol},
  volume={20},
  number={4},
  pages={239-257},
  year={2005},
  publisher={Taylor \& Francis}
  }
@article{mendez2003swithe,
  author ={Méndez-Naya, Belén},
  year={2003},
  title={On Intensifiers and Grammaticalization: The Case of SWITHE},
  journal={English Studies},
  volume={84},
  pages={372–391}
  }
@article{mendez2008introduction,
  journal={English Language and Linguistics},
  year={2008},
  volume={12},
  number={2},
  pages={213-219},
  title={Introduction},
  author={Mendez-Naya, Belen}
  }
@article{meyerhoff1994sounds,
  title={Sounds pretty ethnic, eh?: A pragmatic particle in New Zealand English},
  author={Meyerhoff, Miriam},
  journal={Language in Society},
  volume={23},
  pages={367-367},
  year={1994},
  publisher={Cambridge University Press}
  }
@article{meyerhoff2003globalisation,
  title={The globalisation of vernacular variation},
  author={Meyerhoff, Miriam and Niedzielski, Nancy},
  journal={Journal of Sociolinguistics},
  volume={7},
  number={4},
  pages={534-555},
  year={2003},
  publisher={Wiley Online Library}
  }
@article{meyerhoff2007persitence,
  journal={Journal of Sociolinguistics},
  volume={11},
  number={3},
  year={2007},
  pages={346-â€“366},
  title={The persistence of variation in individual grammars: Copula absence in â€˜urban sojourners' and their stay-at-home peers, Bequia (St Vincent and the Grenadines)},
  author={Meyerhoff, Miriam and Walker, James A.}
  }
@article{miller1995function,
  title={The function of LIKE in dialogue},
  author={Miller, Jim and Weinert, Regina},
  journal={Journal of Pragmatics},
  volume={23},
  number={4},
  pages={365-393},
  year={1995},
  publisher={Elsevier}
  }
@article{milroy1993mechanisms,
  title={Mechanisms of change in urban dialects: The role of class, social network and gender},
  author={Milroy, James and Milroy, Lesley},
  journal={International Journal of Applied Linguistics},
  volume={3},
  number={1},
  pages={57-77},
  year={1993},
  publisher={Wiley Online Library}
  }
@article{milroy1998explore,
  author={Milroy, James},
  year={1998},
  title={Exploring linguistic variation to explain language change},
  journal={Sociolinguistica},
  volume={12},
  pages={39-52}
  }
@article{mohammad2013crowdsourcing,
  title={Crowdsourcing a word-emotion association lexicon},
  author={Mohammad, Saif M and Turney, Peter D},
  journal={Computational Intelligence},
  volume={29},
  number={3},
  pages={436-465},
  year={2013},
  publisher={Wiley Online Library}
  }
@article{mondorf2011variation,
  title={Variation and change in English resultative constructions},
  author={Mondorf, Britta},
  journal={Language Variation and Change},
  volume={22},
  year={2011},
  pages={397-421}
  }
@article{moore2009style,
  title={Style, indexicality, and the social meaning of tag questions},
  author={Moore, Emma and Podesva, Robert},
  journal={Language in Society},
  volume={38},
  number={4},
  pages={447-485},
  year={2009},
  publisher={Cambridge University Press}
  }
@article{morris-adams2014spanish,
  author={Morris-Adams, M.},
  year={2014},
  title={From Spanish paintings to murder: Topic transitions in casual conversations between native and non-native speakers of English},
  journal={Journal of Pragmatics},
  volume={62},
  pages={151-165}
  }
@article{muhr2003language,
  title={Language change via satellite: the influence of German television broadcasting on Austrian German},
  author={Muhr, Rudolf},
  journal={Journal of Historical Pragmatics},
  volume={4},
  number={1},
  pages={103-127},
  year={2003},
  publisher={John Benjamins Publishing Company}
  }
@article{nardy2013acquisition,
  author={ Nardy, AurÃ©lie and Chevrot, Jean-Pierre and Barbu, StÃ©phanie},
  year={2013},
  title={The acquisition of sociolinguistic variation: looking back and thinking ahead},
  journal={Linguistics},
  volume={51},
  number={2},
  pages={255-284}
  }
@article{nevalainen2008social,
  journal={English Language and Linguistics},
  volume={12},
  number={2},
  year={2008},
  pages={289-â€“315},
  title={Social variation in intensifier use: constraint on -ly adverbialization in the past?},
  author={Nevalainen, Terrtu},
  publisher={Cambridge University Press}
  }
@article{nunez2014absolutely,
  author={Núñez Pertejo, Paloma and Palacios, Ignacio},
  year={2014},
  title={That's absolutely crap, totally rubbish. The use of intensifiers absolutely and totally in the spoken language of British adults and teenagers},
  journal={ Functions of Language},
  volume={21},
  number={2},
  pages={210-237}
}
@article{odato2013development,
  title={The development of children's use of discourse like in peer interaction},
  author={Odato, Christopher V},
  journal={American Speech},
  volume={88},
  number={2},
  pages={117-143},
  year={2013},
  publisher={Duke University Press}
  }
@article{palacios2012absolutely,
  author={Palacios, Ignacio and Núñez Pertejo, Paloma},
  year={2012},
  title={He’s absolutely massive. It’s a super day. Madonna, she is a wicked singer. Youth language and intensification: A corpus-based study},
  journal={Text and Talk},
  volume={32},
  number={6},
  pages={773–796}
}
@article{palomares2008explaining,
  title={Explaining Gender-Based Language Use: Effects of Gender Identity Salience on References to Emotion and Tentative Language in Intra-and Intergroup Contexts},
  author={Palomares, Nicholas A},
  journal={Human Communication Research},
  volume={34},
  number={2},
  pages={263-286},
  year={2008},
  publisher={Wiley Online Library}
  }
@article{pichler2010variability,
  author={Pichler, Heike and Levey, Stephen},
  year={2010},
  title={Variability in the Co-occurrence of Discourse Features},
  journal={University of Reading Language Studies Working Papers},
  volume={2},
  pages={17-27}
  }
@article{pickering2004toward,
  title={Toward a mechanistic psychology of dialogue},
  author={Pickering, Martin J and Garrod, Simon},
  journal={Behavioral and brain sciences},
  volume={27},
  number={2},
  pages={169-190},
  year={2004},
  publisher={Cambridge University Press}
  }
@article{pietsch2012measuring,
  title={Measuring syntactic priming in dialogue corpora},
  author={Pietsch, Christian and Buch, Armin and Kopp, Stefan and de Ruiter, Jan},
  journal={Empirical Approaches to Linguistic Theory: Studies in Meaning and Structure},
  volume={111},
  pages={29},
  year={2012},
  publisher={Walter de Gruyter}
  }
@article{pope2007forty,
  title={Forty years of language change on Martha's Vineyard},
  author={Pope, Jennifer and Meyerhoff, Miriam and Ladd, D. Robert},
  journal={Language},
  volume={83},
  number={3},
  year={2007},
  pages={615-627}
  }
@article{raumolin2005diffusion,
  title={The diffusion of subject YOU: A case study in historical sociolinguistics},
  author={Raumolin-Brunberg, Helena},
  journal={Language Variation and Change},
  volume={17},
  number={1},
  pages={55-73},
  year={2005},
  publisher={Cambridge University Press}
  }
@article{redeker1990ideational,
  title={Ideational and pragmatic markers of discourse structure},
  author={Redeker, Gisela},
  journal={Journal of pragmatics},
  volume={14},
  number={3},
  pages={367-381},
  year={1990},
  publisher={Elsevier}
  }
@article{redeker1991review,
  title={Review of Schiffrin 1987},
  author={Redeker, Gisela},
  journal={Linguistics},
  volume={29},
  pages={1139-1172},
  year={1991}
  }
@article{rehman2013impact,
  title={The impact of motivation on learning of secondary school students in Karachi: an analytical study},
  author={Rehman, Asifa and Haider, Kamal},
  journal={Educational Research International},
  volume={2},
  number={2},
  pages={139-147},
  year={2013}
  }
@article{reuland2010imagination,
  title={Imagination, Planning, and Working Memory: The Emergence of Language},
  author={Reuland, Eric},
  journal={Current Anthropology},
  volume={51},
  number={1},
  year={2010},
  pages={99-110}
  }
@article{roberts1995learning,
  title={Learning to talk Philadelphian: Acquisition of short a by preschool children},
  author={Roberts, Julie and Labov, William},
  journal={Language Variation and Change},
  volume={7},
  number={1},
  pages={101-112},
  year={1995},
  publisher={Cambridge University Press}
  }
@article{roberts1997acquisition,
  title={Acquisition of variable rules: a study of (-t, d) deletion in preschool children},
  author={Roberts, Julie},
  journal={Journal of Child Language},
  volume={24},
  number={2},
  pages={351-372},
  year={1997},
  publisher={Cambridge University Press}
  }
@article{romaine1991use,
  title={The use of like as a marker of reported speech and thought: A case of grammaticalization in progress},
  author={Romaine, Suzanne and Lange, Deborah},
  journal={American Speech},
  volume={66},
  number={3},
  pages={227-279},
  year={1991},
  publisher={JSTOR}
  }
@article{sankoff1997variation,
  title={Variation in the use of discourse markers in a language contact situation},
  author={Sankoff, Gillian and Thibault, Pierrette and Nagy, Naomi and Blondeau, H{\'e}l{\`e}ne and Fonollosa, Marie-Odile and Gagnon, Lucie},
  journal={Language Variation and Change},
  volume={9},
  number={2},
  pages={191-217},
  year={1997},
  publisher={Cambridge University Press}
  }
@article{sankoff1997variation,
  title={Variation in the use of discourse markers in a language contact situation},
  author={Sankoff, Gillian and Thibault, Pierrette and Nagy, Naomi and Blondeau, H{'e}l{`e}ne and Fonollosa, Marie-Odile and Gagnon, Lucie},
  journal={Language Variation and Change},
  volume={9},
  number={2},
  pages={191-217},
  year={1997},
  publisher={Cambridge University Press}
  }
@article{sankoff2001individual,
  title={Individual roles in a real-time change: Montreal (r-> R) 1947-1995},
  author={Sankoff, Gillian and Blondeau, H{\'e}l{\`e}ne and Charity, Anne},
  journal={Etudes \& travaux-Institut des langues vivantes et de phon{\'e}tique},
  volume={4},
  pages={141-157},
  year={2001},
  publisher={Universit{\'e}libre de Bruxelles}
  }
@article{sankoff2001individual,
  title={Individual roles in a real-time change: Montreal (r-> R) 1947-1995},
  author={Sankoff, Gillian and Blondeau, H{'e}l{`e}ne and Charity, Anne},
  journal={Etudes \& travaux-Institut des langues vivantes et de phon{'e}tique},
  volume={4},
  pages={141-157},
  year={2001},
  publisher={Universit{'e}libre de Bruxelles}
  }
@article{scandrett2012intensifiers,
  title={Intensifiers in New Zealand English},
  author={Scandrett, Gina},
  journal={New Zealand English Journal},
  volume={26},
  year={2012},
  pages={33-42}
  }
@article{schecter1979eh,
  title={Eh? Revisited: Is it or is it not Canadian},
  author={Schecter, Sandra},
  journal={The English Quarterly},
  volume={12},
  pages={37-45},
  year={1979}
  }
@article{schiffrin1986functions,
  title={Functions of and in discourse},
  author={Schiffrin, Deborah},
  journal={Journal of Pragmatics},
  volume={10},
  number={1},
  pages={41-66},
  year={1986},
  publisher={Elsevier}
  }
@article{schilling1998investigating,
  title={Investigating â€˜self-concious' speech: The performance register in Ocracoke English},
  author={Schilling-Estes, Natalie},
  journal={Language in Society},
  volume={27},
  number={1},
  pages={53-83},
  year={1998}
  }
@article{schneider2003dynamics,
  title={The dynamics of New Englishes: From identity construction to dialect birth},
  author={Schneider, Edgar W},
  journal={Language},
  volume={79},
  number={2},
  pages={233-281},
  year={2003},
  publisher={Linguistic Society of America}
  }
@article{schourup1999discourse,
  title={Discourse markers},
  author={Schourup, Lawrence C},
  journal={Lingua},
  volume={107},
  number={3},
  pages={227-265},
  year={1999},
  publisher={Elsevier}
  }
@article{schreier2006backyard,
  title={The Backyard as a Dialect Boundary Individuation, Linguistic Heterogeneity, and Sociolinguistic Eccentricity in a Small Speech Community},
  author={Schreier, Daniel},
  journal={Journal of English Linguistics},
  volume={34},
  number={1},
  pages={26-57},
  year={2006},
  publisher={Sage Publications}
  }
@article{sharifian2003pragmatic,
  title={The pragmatic marker like in English teen talk: Australian Aboriginal usage},
  author={Sharifian, Farzad and Malcolm, Ian G},
  journal={Pragmatics \& Cognition},
  volume={11},
  number={2},
  pages={327-344},
  year={2003},
  publisher={John Benjamins Publishing Company}
  }
@article{siegel2002like,
  title={Like: The discourse particle and semantics},
  author={Siegel, Muffy E. A},
  journal={Journal of Semantics},
  volume={19},
  number={1},
  pages={35-71},
  year={2002},
  publisher={Oxford University Press}
  }
@article{snaevarr2006emoting,
  title={Emoting and Metaphoring. The Metaphoric Structure of Emotions},
  author={Sn{\ae}varr, Stef{\'a}n},
  journal={SATS},
  volume={7},
  number={1},
  pages={175-187},
  year={2006}
  }
@article{stapley1989beyond,
  title={Beyond depression: Gender differences in normal adolescents' emotional experiences},
  author={Stapley, Janice C and Haviland, Jeannette M},
  journal={Sex roles},
  volume={20},
  number={5-6},
  pages={295--308},
  year={1989},
  publisher={Springer}
}
@article{starks2008whose,
  title={Whose discourse particles? New Zealand eh in the Niuean migrant community},
  author={Starks, Donna and Thompson, Laura and Christie, Jane},
  journal={Journal of Pragmatics},
  volume={40},
  number={7},
  pages={1279-1295},
  year={2008},
  publisher={Elsevier}
  }
@article{stefanowitsch2005covarying,
  title={Covarying collexemes},
  author={Stefanowitsch, Anatol and Gries, Stefan Th},
  journal={Corpus linguistics and linguistic theory},
  volume={1},
  number={1},
  pages={1-43},
  year={2005}
  }
@article{streek2002grammars,
  author={Streek, J{\"u}rgen},
  year={2002},
  title={Grammars, words, and embodied meanings: On the uses and evolution of so and like},
  journal={Journal of Communication},
  volume={52},
  number={3},
  pages={581-596}
  }
@article{streek2002grammars,
  author={Streek, Jürgen},
  year={2002},
  title={Grammars, words, and embodied meanings: On the uses and evolution of so and like},
  journal={Journal of Communication},
  volume={52},
  number={3},
  pages={581-596}
  }
@article{stubbe1995you,
  title={"You know, eh" and other exasperating expressions: An analysis of social and stylistic variation in the use of pragmatic devices in a sample of New Zealand English},
  author={Stubbe, Maria and Holmes, Janet},
  journal={Language \& Communication},
  volume={15},
  number={1},
  pages={63-88},
  year={1995},
  publisher={Pergamon}
  }
@article{stubbe1995you,
  title={\textit{You know, eh}and other â€˜exasperating expressions': An analysis of social and stylistic variation in the use of pragmatic devices in a sample of New Zealand English},
  author={Stubbe, Maria and Holmes, Janet},
  journal={Language \& Communication},
  volume={15},
  number={1},
  pages={63-88},
  year={1995},
  publisher={Pergamon}
  }
@article{szmrecsanyi2005language,
  title={Language users as creatures of habit: A corpus-based analysis of persistence in spoken English},
  author={Szmrecsanyi, Benedikt},
  journal={Corpus Linguistics and Linguistic Theory},
  volume={1},
  number={1},
  pages={113-150},
  year={2005}
  }
@article{tagliamonte1999like,
  title={Be like et al. beyond America: The quotative system in British and Canadian youth},
  author={Tagliamonte, Sali and Hudson, Rachel},
  journal={Journal of Sociolinguistics},
  volume={3},
  number={2},
  pages={147-172},
  year={1999},
  publisher={Wiley Online Library}
  }
@article{tagliamonte2004he,
  title={He's like, she's like: The quotative system in Canadian youth},
  author={Tagliamonte, Sali and D'Arcy, Alex},
  journal={Journal of Sociolinguistics},
  volume={8},
  number={4},
  pages={493-514},
  year={2004},
  publisher={Wiley Online Library}
  }
@article{tagliamonte2005so,
  title={So who? Like how? Just what?: Discourse markers in the conversations of Young Canadians},
  author={Tagliamonte, Sali},
  journal={Journal of Pragmatics},
  volume={37},
  number={11},
  pages={1896-1915},
  year={2005},
  publisher={Elsevier}
  }
@article{tagliamonte2005weird,
  title={So weird; so cool; so innovative: The use of intensifiers in the television series Friends},
  author={Tagliamonte, Sali and Roberts, Chris},
  journal={American Speech},
  volume={80},
  number={3},
  pages={280-300},
  year={2005},
  publisher={Duke University Press}
  }
@article{tagliamonte2006so,
  title={''So cool, right?'': Canadian English Entering the 21st Century},
  author={Tagliamonte, Sali},
  journal={The Canadian Journal of Linguistics/La revue canadienne de linguistique},
  volume={51},
  number={2},
  pages={309-331},
  year={2006},
  publisher={University of Toronto Press}
  }
@article{tagliamonte2007frequency,
  title={Frequency and variation in the community grammar: Tracking a new change through the generations},
  author={Tagliamonte, Sali A and D'Arcy, Alexandra},
  journal={Language Variation and Change},
  volume={19},
  number={2},
  pages={199-217},
  year={2007},
  publisher={Cambridge University Press}
  }
@article{tagliamonte2008intensifiers,
  title={So different and pretty cool! Recycling intensifiers in Toronto, Canada},
  author={Tagliamonte, Sali},
  journal={English Language and Linguistics},
  volume={12},
  number={2},
  pages={361-394},
  year={2008},
  publisher={Cambridge University Pres}
  }
@article{tagliamonte2009peaks,
  title={Peaks beyond phonology: Adolescence, incrementation, and language change},
  author={Tagliamonte, Sali A and D'Arcy, Alexandra},
  journal={Language},
  volume={85},
  number={1},
  pages={58-108},
  year={2009},
  publisher={Linguistic Society of America}
  }
@article{tagliamonte2010ges,
  title={The Stuff of Change: General Extenders in Toronto, Canada},
  author={Tagliamonte, Sali and Denis, Derek},
  journal={Journal of English Linguistics},
  volume={38},
  number={4},
  pages={335-368},
  year={2010},
  publisher={Wiley Online Library}
  }
@article{tagliamonte2014expanding,
  title={Expanding the transmission/diffusion dichotomy: Evidence from Canada},
  author={Tagliamonte, Sali A and Denis, Derek},
  journal={Language},
  volume={90},
  number={1},
  pages={90--136},
  year={2014},
  publisher={Linguistic Society of America}
}
@article{taguchi2011teaching,
  author={Taguchi, N.},
  year={2011},
  title={Teaching pragmatics: Trends and issues},
  journal={Annual Review of Applied Linguistics},
  volume={31},
  pages={289-310}
  }
@article{terraschke2010and,
  title={And I was like â€˜ah yeah, what are they talking about?'-The use of quotatives in New Zealand English},
  author={Terraschke, Agnes},
  year={2010},
  publisher={Australian Linguistic Society}
  }
@article{thomas1975confidence,
  title={Confidence interval estimation of survival probabilities for censored data},
  author={Thomas, David R and Grunkemeier, Gary L},
  journal={Journal of the American Statistical Association},
  volume={70},
  number={352},
  pages={865--871},
  year={1975},
  publisher={Taylor \& Francis}
}
@article{thompson2009descriptive,
  title={Descriptive data analysis},
  author={Thompson, Cheryl Bagley},
  journal={Air medical journal},
  volume={28},
  number={2},
  pages={56--59},
  year={2009},
  publisher={Elsevier}
}
@article{tottie2006tag,
  title={Tag questions in British and American English},
  author={Tottie, Gunnel and Hoffmann, Sebastian},
  journal={Journal of English Linguistics},
  volume={34},
  number={4},
  pages={283-311},
  year={2006},
  publisher={Sage Publications}
  }
@article{traugott2008testing,
  title={Testing the hypothesis that priming is a motivation for change},
  author={Traugott, Elizabeth Closs},
  journal={Theoretical Linguistics},
  volume={34},
  number={2},
  pages={135-142},
  year={2008}
  }
@article{trudgill1974linguistic,
  title={Linguistic change and diffusion: Description and explanation in sociolinguistic dialect geography},
  author={Trudgill, Peter},
  journal={Language in society},
  volume={3},
  number={2},
  pages={215-246},
  year={1974},
  publisher={Cambridge University Press}
  }
@article{trudgill1988norwich,
  title={Norwich revisited: recent linguistic changes in an English urban dialect},
  author={Trudgill, Peter},
  journal={English World-Wide},
  volume={9},
  number={1},
  pages={33-49},
  year={1988}
  }
@article{trudgill1999window,
  title={A Window on the Past:" Colonial Lag" and New Zealand Evidence for the Phonology of Nineteenth-Century English},
  author={Trudgill, Peter},
  journal={American speech},
  volume={74},
  number={3},
  pages={227-239},
  year={1999},
  publisher={JSTOR}
  }
@article{tulving1990priming,
  title={Priming and human memory systems},
  author={Tulving, Endel and Schacter, Daniel L},
  journal={Science},
  volume={247},
  number={4940},
  pages={301-306},
  year={1990},
  publisher={American Association for the Advancement of Science}
  }
@article{underhill1988like,
  title={Like is, like, focus},
  author={Underhill, Robert},
  journal={American Speech},
  volume={63},
  number={3},
  pages={234-246},
  year={1988},
  publisher={JSTOR}
  }
@article{valentine1991getting,
  title={Getting the message across: Discourse markers in Indian English},
  author={Valentine, Tamara M},
  journal={World Englishes},
  volume={10},
  number={3},
  pages={325-334},
  year={1991},
  publisher={Wiley Online Library}
  }
@article{vogler2010discourse,
  title={The discourse particle" eh" on Guernsey and in Canada},
  author={Vogler, Kathrin},
  year={2010},
  publisher={University of Bamberg},
  address={ Bamberg, Germany}
  }
@article{wagner2012real,
  title={Real-time evidence for age grad (ing) in late adolescence},
  author={Wagner, Suzanne Evans},
  journal={Language Variation and Change},
  volume={24},
  number={2},
  pages={179-202},
  year={2012},
  publisher={Cambridge University Press}
  }
@article{wagner2017totally,
  title={Totally new and pretty awesome: Amplifier--adjective bigrams in GloWbE},
  author={Wagner, Susanne},
  journal={Lingua},
  volume={200},
  pages={63--83},
  year={2017},
  publisher={Elsevier}
}
@article{wang2007gender,
  journal={Asian Journal of Management and Humanity Sciences},
  volume={2},
  number={1},
  year={2007},
  pages={89-97},
  title={Gender Differences in the Language for Emotions},
  author={Wang, Mei-Rong and Hsieh, Shelley Ching-Yu}
  }
@article{warren2012origins,
  title={Origins and development of New Zealand English},
  author={Warren, Paul},
  journal={International Journal of Language, Translation and Intercultural Communication},
  volume={1},
  pages={87-102},
  year={2012}
  }
@article{watts1988relevance,
  title={A relevance-theoretic approach to commentary pragmatic markers: The case of "actually", "really" and "basically"},
  author={Watts, Richard J},
  journal={Acta Linguistica Hungarica},
  volume={38},
  number={1-4},
  pages={235-260},
  year={1988}
  }
@article{weiner1983constraints,
  title={Constraints on the agentless passive},
  author={Weiner, E Judith and Labov, William},
  journal={Journal of linguistics},
  volume={19},
  number={1},
  pages={29-58},
  year={1983},
  publisher={Cambridge University Press}
  }
@article{weir2015reproducibility,
  title={A reproducibility crisis? The headlines were hard to miss: Psychology, they proclaimed, is in crisis},
  author={Weir, Kirsten},
  journal={Monitor on Psychology},
  volume={46},
  issue={9},
  pages={39},
  year={2015}
  }  
@article{white1955wayne,
  author={White, William},
  year={1955},
  title={Wayne University slang},
  journal={American Speech},
  volume={30},
  number={4},
  pages={301-305}
  }
@article{wierzbicka1986introduction,
  title={Introduction},
  author={Wierzbicka, Anna},
  journal={Journal of Pragmatics},
  volume={10},
  number={5},
  pages={519-534},
  year={1986}
  }
@article{wierzbicka1986precision,
  title={Precision in vagueness: The semantics of English 'approximatives'},
  author={Wierzbicka, Anna},
  journal={Journal of Pragmatics},
  volume={10},
  number={5},
  pages={597-614},
  year={1986}
  }
@article{wolf2000emotional,
  journal={CyberPsychology \& Behavior},
  volume={3},
  number={5},
  year={2000},
  pages={827-833},
  title={Emotional Expression Online: Gender Differences in Emoticon Use},
  author={Wolf, Alecia}
  }
@article{wolfram1995moribund,
  title={Moribund dialects and the endangerment canon: The case of the Ocracoke brogue},
  author={Wolfram, Walt and Schilling-Estes, Natalie},
  journal={Language},
  pages={696-721},
  volume={71},
  year={1995},
  publisher={JSTOR}
  }
@article{wolfram2008when,
  title={When islands lose dialects. The Case of the Ocracoke Brogue},
  author={Wolfram, Walt},
  journal={The International Journal of Research into Island Cultures},
  volume={2},
  number={1},
  pages={1-13},
  year={2008},
  publisher={Cambridge University Press},
  address={Cambridge}
  }
@article{wolk2013dative,
  title={Dative and genitive variability in Late Modern English: Exploring cross-constructional variation and change},
  author={Wolk, Christoph and Bresnan, Joan and Rosenbach, Anette and Szmrecsanyi, Benedikt},
  journal={Diachronica},
  volume={30},
  number={3},
  pages={382-419},
  year={2013},
  publisher={John Benjamins Publishing Company}
  }
@article{yang1996amevowels,
  title={A comparative study of American English and Korean vowels produced by male and female speakers},
  author={ Yang, Byunggon},
  journal={Journal of Phonetics},
  volume={24},
  pages={245-261},
  year={1996[2015]}
  }
@article{younis2015sentiment,
  journal={International Journal of Computer Applications},
  volume={112}, 
  number={5},
  year={2015},
  title={Sentiment Analysis and Text Mining for Social Media Microblogs using Open Source Tools: An Empirical Study},
  author={Younis, Eman M. G},
  pages={82}
}
@article{yu2011speaker,
  title={Speaker attitude and sexual orientation affect phonetic imitation},
  author={Yu, Alan and Abrego-Collier, Carissa and Baglini, Rebekah and Grano, Tommy and Martinovic, Martina and Otte III, Charles and Thomas, Julia and Urban, Jasmin},
  journal={University of Pennsylvania Working Papers in Linguistics},
  volume={17},
  number={1},
  pages={26},
  year={2011}
  }
@article{zuur2010protocol,
  author = {Zuur, Alain F. and Ieno, Elena N. and Elphick, Chris S.},
  year={2010},
  title={A protocol for data exploration to avoid common statistical problems},
  journal={Methods in Ecology and Evolution},
  volume={1},
  number={1},
  pages={3-14}
  }
@book{schiffrin1988discourse,
  title={Discourse markers},
  author={Schiffrin, Deborah},
  year={1988},
  publisher={Cambridge University Press},
  address={Cambridge}
  }
@book{abercrombie1967elements,
  author={Abercrombie, David},
  year={1967},
  title={Elements of General Phonetics},
  address={Chicago},
  publisher={Aldine Publishing Company}
  }
@book{achen1982interpreting,
  title={Interpreting and using regression},
  author={Achen, Christopher H},
  volume={29},
  year={1982},
  publisher={Sage}
  }
@book{agresti1996introduction,
  title={An introduction to categorical data analysis},
  author={Agresti, Alan},
  publisher={JohnWiley \& Sons},
  year={1996},
  address = {Hoboken, NJ}
}
@book{agresti2010analysis,
  title={Analysis of ordinal categorical data},
  author={Agresti, Alan},
  volume={656},
  year={2010},
  publisher={John Wiley \& Sons}
}
@book{agresti2011categorical,
  title={Categorical data analysis},
  author={Agresti, Alan and Kateri, Maria},
  year={2011},
  publisher={Springer}
}
@book{aijmer2002english,
  title={English discourse particles: Evidence from a corpus},
  author={Aijmer, Karin},
  volume={10},
  year={2002},
  publisher="John Benjamins Publishing",
  address="Amsterdam \& Philadelphia, PA"}
@book{aijmer2002english,
  title={English discourse particles: Evidence from a corpus},
  author={Aijmer, Karin},
  volume={10},
  year={2002},
  publisher={John Benjamins Publishing},
  address={Amsterdam \& Philadelphia, PA}
  }
@book{aitchison2001language,
  title={Language change: progress or decay?},
  author={Aitchison, Jean},
  year={2001},
  publisher={Cambridge University Press},
  address={Cambridge}
  }
@book{amador2010introduction,
  author={Amador-Moreno, Carolina P},
  year={2010},
  title={An Introduction to Irish English},
  address={London},
  publisher={Equinox}
  }
@book{andersen2001pragmatic,
  title={Pragmatic markers and sociolinguistic variation: A relevance-theoretic approach to the language of adolescents},
  author={Andersen, Gisle},
  volume={84},
  year={2001},
  publisher={John Benjamins Publishing Company},
  address={Amsterdam \& Phildelphia, PA},}
@book{baayen2008analyzing,
  title={Analyzing linguistic data. A practical introduction to statistics using R},
  author={Baayen, R Harald},
  publisher={Cambridge University press},
  year={2008},
  address={Cambridge}
  }
@book{barber2009english,
  title={The English language: A historical introduction},
  author={Barber, Charles and Beal, Joan C and Shaw, Philip A},
  year={2009},
  publisher={Cambridge University Press},
  address={Cambridge}
  }
@book{bauer1997reed,
  author={Bauer, Winifred},
  year={1997},
  title={The Reed Reference Grammar of Maori},
  address={Auckland},
  publisher={Reed}
  }
@book{bauer2002introduction,
  title={An introduction to international varieties of English},
  author={Bauer, Laurie},
  year={2002},
  publisher={Edinburgh University Press},
  address={Edinburgh}
  }
@book{baugh1993history,
  title={A history ofthe English language},
  author={Baugh, Albert C and Cable, Thomas},
  year={1993},
  publisher={ Routledge},
  address={London}
  }
@book{becker2006intro,
  title={Introduction to English Linguistics},
  author={Becker, Annette and Bieswanger, Markus},
  year={2006},
  publisher={UTB}
  }
@book{bell1999new,
  title={New Zealand English},
  author={Bell, Allan and Kuiper, Koenraad},
  volume={25},
  year={1999},
  publisher={John Benjamins Publishing}
  }
@book{bellholmes1990new,
  title={New Zealand Ways of Speaking English},
  editor={Bell, Allan and Holmes, Janet},
  year={1990},
  publisher={Multilingual Matters Ltd.},
  address={Clevedon \& Philadelphia}
  }
@book{berg2013intro,
  author="Berg, Thomas",
  year={2013},
  title="Anglistische Sprachwissenschaft",
  address="Munich",
  publisher="Wilhelm Fink GmbH \& Co. Verlags-KG"}
@book{biber1998corpus,
  title={Corpus linguistics: Investigating language structure and use},
  author={Biber, Douglas and Conrad, Susan and Reppen, Randi},
  year={1998},
  publisher={Cambridge University Press},
  address={Cambridge}
  }
@book{biber1999longman,
  title={Longman grammar of spoken and written English},
  author={Biber, Douglas and Johansson, Stig and Leech, Geoffrey and Conrad, Susan and Finegan, Edward and Quirk, Randolph},
  address={London \& New York},
  year={1999},
  publisher={Longman}
  }
@book{blake2006cambridge,
  title={The Cambridge History of the English Language, Volume II 1066-1476},
  author={Blake, Norman},
  volume={2},
  year={2006},
  publisher={Cambridge University Press},
  address={Cambridge}
  }
@book{blakemore1987semantic,
  author={Blakemore, Diane},
  year={1987},
  title={Semantic constraints on relevance},
  address={Oxford},
  publisher={Blackwell}
  }
@book{blakemore1990relevance,
  author={Blakemore, Diane},
  year={1990},
  title={Relevance Relations in discourse. A study with special reference to Sissala},
  address={Cambridge},
  publisher={Cambridge University Press}
  }
@book{blommaert2010sociolinguistics,
  title={The sociolinguistics of globalization},
  author={Blommaert, Jan},
  year={2010},
  publisher={Cambridge University Press},
  address={Cambridge}
  }
@book{bolinger1972degreewords,
  author={Bolinger, Dwight},
  year={1972},
  title={Degree Words},
  publisher={Mouton},
  address={The Hague}
  }
@book{borst1902gradverbien,
  author={Borst, Eugene},
  year={1902},
  title={Die Gradadverbien im Englischen},
  address={Heidelberg},
  publisher={Winter}
  }
@book{bortz109verteilungsfreie,
  title={Verteilungsfreie Methoden in der Biostatistik},
  year={1990},
  author={Bortz, J and Lienert, GA and Boehnke, K},
  publisher={Springer Verlag},
  address={Berlin}
  }
@book{bortz1990verteilungsfreie,
  title={Verteilungsfreie Methoden in der Biostatistik},
  year={1990},
  author={Bortz, J and Lienert, GA and Boehnke, K},
  publisher={Springer Verlag},
  address={Berlin}
  }
@book{bortz2006statistik,
  title={Statistik: F{\"u}r Human-und Sozialwissenschaftler},
  author={Bortz, J{\"u}rgen},
  year={2006},
  publisher={Springer-Verlag}
  }
@book{bowerman1990linear,
  title={Linear statistical models: An applied approach},
  author={Bowerman, Bruce L and O'Connell, Richard T},
  year={1990},
  publisher={PWS-Kent},
  address={Boston}
  }
@book{brinton1996pragmatic,
  title={Pragmatic markers in English: Grammaticalization and discourse functions},
  author={Brinton, Laurel J},
  volume={19},
  year={1996},
  publisher={Walter de Gruyter}
  }
@book{brinton2005lexicalization,
  title={Lexicalization and language change},
  author={Brinton, Laurel J and Traugott, Elizabeth Closs},
  year={2005},
  publisher={Cambridge University Press},
  address={Cambridge}
  }
@book{brinton2006englishlanguage,
  author={Brinton, Laurel J. and Arnovick, Leslie K.},
  year={2006},
  title={The English Language: A Linguistic History},
  address={Oxford},
  publisher={Oxford University Press}
  }
@book{buehner2009statistik,
  title={Statistik f{\"u}r Psychologen und Sozialwissenschaftler},
  author={B{\"u}hner, Markus and Ziegler, Matthias},
  year={2009},
  publisher={Pearson Studium},
  address={M{\"u}nchen}
  }
@book{buhler1934sprachtheorie,
  title={Sprachtheorie},
  author={B{\"u}hler, Karl},
  year={1934},
  publisher={Fischer},
  address={Jena}
  }
@book{burling1992patterns,
  title={Patterns of language: Structure, variation, change},
  author={Burling, Robbins},
  year={1992},
  publisher={Academic Press},
  address={San Diego}
  }
@book{butler1985statistics,
  title={Statistics in linguistics},
  author={Butler, Christopher},
  year={1985},
  publisher={Basil Blackwell}
  }
@book{bybee2015language,
  title={Language Change},
  author={Bybee, Joan},
  year={2015},
  publisher={Cambridge University Press},
  address={Cambridge}
  }
@book{chambers1995sociolinguistic,
  title={Sociolinguistic theory: Linguistic variation and its social significance},
  author={Chambers, Jack K},
  year={1995},
  publisher={Blackwell},
  address={Cambridge, MA}
  }
@book{chambers1998dialectology,
  title={Dialectology},
  author={Chambers, Jack K and Trudgill, Peter},
  year={1998},
  edition={2},
  publisher={Cambridge University Press},
  address={Cambridge}
  }
@book{chambers2008handbook,
  title={The Handbook of Language Variation and Change},
  author={Chambers, Jack K and Trudgill, Peter and Schilling-Estes, Natalie},
  year={2008},
  publisher={Blackwell},
  address={Oxford}
  }
@book{chambers2013handbook,
  title={The Handbook of Language Variation and Change},
  author={Chambers, Jack K and Schilling-Estes, Natalie},
  volume={80},
  year={2013},
  publisher={John Wiley \& Sons}
  }
@book{channel1994vague,
  author={Channell, Joanna},
  year={1994},
  title={Vague Language},
  address={Oxford},
  publisher={Oxford University Press}
  }
@book{chapman1986new,
  title={New dictionary of American slang},
  author={Chapman, Robert L and Flexner, Stuart Berg and Wentworth, Harold},
  year={1986},
  publisher={Harper \& Row},
  address={New York}
  }
@book{cheshire1991english,
  title={English around the world: Sociolinguistic perspectives},
  author={Cheshire, Jenny},
  year={1991},
  publisher={Cambridge University Press},
  address={Cambridge}
  }
@book{chomsky1976reflections,
  author={Chomsky, Noam},
  year={1976},
  title={Reflections on Language},
  address={Glasgow},
  publisher={Fontana/Collins}
  }
@book{coates2015women,
  title={Women, men and language: A sociolinguistic account of gender differences in language},
  author={Coates, Jennifer},
  year={2015},
  publisher={Routledge},
  address={London \& New York}
  }
@book{collegeline,
  author={Ameseder, NA and Falzmann, NA and G{\"o}tze, NA and Oldham, NA},
  title={College Line}, 
  subtitle={Englisch f{\"u}r die Fachoberschule und Berufsschule},
  publisher={Bildungsverlag EINS - Kieser},
  address={Troisdorf},
  year={1999}
  }
@book{comrie1989language,
  title={Language universals and linguistic typology: Syntax and morphology},
  author={Comrie, Bernard},
  year={1989},
  publisher={University of Chicago press}
  }
@book{cook2012chomsky,
  author={Cook, V. J. and Newson, Mark},
  publisher={Blackwell Publishing},
  title={Chomsky's Universal Grammar- An introduction},
  address={Malden, MA.},
  year={2012}
  }
@book{crawley2005statistics,
  title={Statistics: an introduction using R. 2005},
  author={Crawley, Michael J},
  publisher={John Wiley \& Sons},
  address={Chichester, West Sussex},
  year={2005}
  }
@book{crawley2012r,
  title={The R book},
  author={Crawley, Michael J},
  year={2012},
  publisher={John Wiley \& Sons}
  }
@book{croft2002typology,
  title={Typology and universals},
  author={Croft, William},
  year={2002},
  publisher={Cambridge University Press}
  }
@book{crystal1975advanced,
  title={Advanced English Conversation},
  author={Crystal, David and Davy, Derek},
  year={1975},
  publisher={ Longman},
  address={London}
  }
@book{demauro1993lessico,
  author={De Mauro, Tullio and Mancini, Federico and Vedovello, Massimi and Voghera, Miriam},
  year={1993},
  title={Lessico di frequenza dell'italiano parlato},
  address={Milan},
  publisher={Etaslibri}
  }
@book{deutscher2010unfolding,
  title={The unfolding of language. An evolutionary tour of mankind's greatest invention},
  author={Deutscher, Guy},
  year={2010},
  publisher={Metropolitan Books},
  address={New York}
  }
@book{diewald1997grammatikalisierung,
  author={Diewald, Gabriele},
  year={1997},
  title={Grammatikalisierung - Eine Einf{\"u}hrung in Sein und Werden grammatischer Formen},
  publisher={Max Niemeyer Verlag},
  address={T{\"u}bingen}
  }
@book{diewald1999modalverben,
  title={Die Modalverben im Deutschen: Grammatikalisierung und Polyfunktionalit{\"a}t},
  author={Diewald, Gabriele},
  year={1999},
  publisher={Niemeyer},
  address={T{\"u}bingen}
  }
@book{downes1998language,
  title={Language and society},
  author={Downes, William},
  year={1998},
  publisher={Cambridge University Press},
  address={Cambridge}
  }
@book{eckert1989jocks,
  title={Jocks and burnouts: Social categories and identity in the high school},
  author={Eckert, Penelope},
  year={1989},
  publisher={Teachers College Press},
  address={New York}
  }
@book{eckert1999linquistic,
  title={Linquistic Variation as Social Practice: The Linguistic Construction of Identity in Belten High},
  author={Eckert, Penelope},
  year={1999},
  publisher={Blackwell publishers},
  address={Oxford}
  }
@book{eid2010statistik,
  author={Eid, Michael and Gollwitzer, Mario and Schmitt, Manfred},
  year={2010},
  title={Statistik und Forschungsmethoden},
  address={Wentheim \& Basel},
  publisher={Beltz}
  }
@book{elman1996rethinking,
  author={Elman, Jeffrey L. and Bates, Elizabeth A. and Johnson, Mark H. and Karmiloff-Smith, Annette and Parisi, Domencio and Plunckett, Kim},
  year={1996},
  title={Rethinking Innateness. A connectionist perspective on development},
  address={Cambridge},
  publisher={Bradford Books/MIT Pres}
  }
@book{erman1987pragmatic,
  title={Pragmatic expressions in English: A study of you know, you see and I mean in face-to-face conversation},
  author={Erman, Britt},
  year={1987},
  publisher={Almqvist \& Wiksell International},
  address={Stockholm}
  }
@book{evans2006cognitive,
  title={Cognitive linguistics: An introduction.},
  author={Evans, Vyvyan and Green, Melanie},
  year={2006},
  publisher={Edinburgh University Press},
  address={Edinburgh}
  }
@book{faraway2002practical,
  title={Practical regression and ANOVA using R.},
  author={Faraway, Julian J},
  year={2002},
  publisher={University of Bath}
  }
@book{faraway2016extending,
  title={Extending the linear model with R: generalized linear, mixed effects and nonparametric regression models},
  author={Faraway, Julian J},
  volume={124},
  year={2016},
  publisher={CRC Press}
}
@book{field2012discovering,
  title={Discovering statistics using R},
  author={Field, Andy and Miles, Jeremy and Field, Zoe},
  year={2012},
  publisher={Sage}
  }
@book{firth1957synopsis,
  title={A synopsis of linguistic theory, 1930-1955},
  author={Firth, John R},
  volume={Studies in linguistic analysis},
  year={1957},
  publisher={Basil Blackwell}
  }
@book{fischer1998lexical,
  title={Lexical change in present-day English: A corpus-based study of the motivation, institutionalization, and productivity of creative neologisms},
  author={Fischer, Roswitha},
  volume={17},
  year={1998},
  publisher={Gunter Narr Verlag},
  address={T{\"u}bingen}
  }
@book{fromkin2013introduction,
  title={An introduction to language},
  author={Fromkin, Victoria and Rodman, Robert and Hyams, Nina},
  year={2013},
  publisher={Cengage Learning}
  }
@book{galwey2007introduction,
  title={Introduction to mixed modelling: beyond regression and analysis of variance},
  author={Galwey, Nicholas W},
  year={2007},
  publisher={John Wiley \& Sons},
  address={Chichester},}
@book{gauchat1905unite,
  title={L'unit{\'e}phon{\'e}tique dans le patois d'une commune},
  author={Gauchat, Louis},
  year={1905},
  publisher={M. Niemeyer}
  }
@book{gauchat1905unite,
  title={L'unit{'e}phon{'e}tique dans le patois d'une commune},
  author={Gauchat, Louis},
  year={1905},
  publisher={M. Niemeyer}
  }
@book{gelderen2006history,
  title={A History of the English Language},
  author={van Gelderen, Elly},
  year={2006},
  publisher={John Benjamins},
  address={Amsterdam \& Philadelphia}
  }
@book{glenn2012hodges,
  title={The Hodges Harbrace Handbook},
  author={Glenn, Cheryl and Gray, Loretta},
  year={2012},
  publisher={Nelson Education}
  }
@book{goldberg1995constructiongrammar,
  title={A Construction Grammar Approach to Argument Structure},
  author={Goldberg, Adele E.},
  year={1995},
  publisher={University of Chicago Press},
  address={Chicago}
  }
@book{goldberg2006constructions,
  author={Goldberg, Adele E.},
  year={2006},
  title={Constructions at Work: The Nature of Generalization in Language},
  address={Oxford},
  publisher={Oxford University Press}
  }
@book{gordon2004new,
  title={New Zealand English: its origins and evolution},
  author={Gordon, Elizabeth and Campbell, Lyle and Hay, Jennifer and Maclagan, Margaret and Sudbury, Andrea and Trudgill, Peter},
  year={2004},
  publisher={Cambridge University Press},
  address={Cambridge}
  }
@book{gordon2005ethnologue,
  title={Ethnologue: Languages of the world},
  author={Gordon, Raymond G and Grimes, Barbara F and others},
  volume={15},
  year={2005},
  publisher={sil International Dallas, TX}
  }
@book{grant1921manual,
  title={Manual of modern Scots},
  author={Grant, William and Dixon, James Main},
  year={1921},
  publisher={Cambridge University Press},
  address={Cambridge}
  }
@book{gries2003multifactorial,
  title={Multifactorial Analysis in Corpus Linguistics: A Study of Particle Placement},
  author={Gries, Stefan Th.},
  publisher={continuum},
  address={New York \& London},
  year={2003}
  }
@book{gries2009quantitative,
  title={Quantitative corpus linguistics with R: a practical introduction},
  author={Gries, Stefan Th},
  year={2009},
  publisher={Routledge}
  }
@book{gries2009statistics,
  title={Statistics for linguistics using R: a practical introduction},
  author={Gries, Stefan Th},
  year={2009},
  publisher={Mouton de Gruyter},
  address={Berlin \& New York}
  }
@book{griffiths2006introduction,
  title={An introduction to English semantics and pragmatics},
  author={Griffiths, Patrick},
  year={2006},
  publisher={Oxford University Press},
  address={Oxford}
  }
@book{gulzow2006acquisition,
  title={The Acquisition of Intensifiers: Emphatic Reflexives in English and German Child Language},
  author={G{\"u}lzow, Insa},
  volume={22},
  year={2006},
  publisher={Walter de Gruyter}
  }
@book{haeri1996sociolinguistic,
  title={The sociolinguistic market of Cairo: Gender, class, and education},
  author={Haeri, Niloofar},
  year={1996},
  publisher={Kegan Paul International},
  address={London}
  }
@book{harrell2015regression,
  title={Regression modeling strategies: with applications to linear models, logistic and ordinal regression, and survival analysis},
  author={Harrell Jr, Frank E},
  year={2015},
  publisher={Springer}
}
@book{hall1964introductory,
  title={Introductory linguistics},
  author={Hall, Robert Anderson},
  year={1964},
  publisher={Chilton Books},
  address={Philadelphia \& New York}
  }
@book{halliday1976cohesion,
  title={Cohesion in English},
  author={Halliday, M. A. K. and Hasan, Ruqaiya},
  year={1976},
  publisher={Longman},
  address={London}
  }
@book{Hawkins1983,
  address={New York},
  author={Hawkins, John A.},
  publisher={Academic Press},
  title={Word Order Universals},
  year={1983}
  }
@book{hedevind1967dialect,
  title={The dialect of Dentdale in the West Riding of Yorkshire},
  author={Hedevind, Bertil},
  year={1967}, series={Acta Universitatis Upsaliensis Societas Anglistica Upsaliensi},
  number={5},
  publisher={University of Uppsala},
  address={Uppsala}
  }
@book{heine2002world,
  author={Heine, Bernd and Kuteva, Tania},
  year={2002},
  title={World Lexicon of Grammaticalization},
  address={Cambridge},
  publisher={Cambridge University Press}
  }
@book{hickey2003corpus,
  title={Corpus presenter: software for language analysis with a manual and" A corpus of Irish English" as sample data},
  author={Hickey, Raymond},
  year={2003},
  publisher="John Benjamins",
  address="Amsterdam \& Phildelphia, PA"}
@book{hickey2003corpus,
  title={Corpus presenter: software for language analysis with a manual and" A corpus of Irish English" as sample data},
  author={Hickey, Raymond},
  year={2003},
  publisher={John Benjamins},
  address={Amsterdam \& Phildelphia, PA}
  }
@book{hickey2007irish,
  author={Hickey, Raymond},
  year={2007},
  title={Irish English. History and present-day forms},
  address={Cambridge},
  publisher={Cambridge University Press}
  }
@book{hilpert2008germanic,
  title={Germanic Future Constructions. A usage-based approach to language change},
  author={Hilpert, Martin},
  publisher={John Benjamins Publishing Company},
  address={Amsterdam \& Philadelphia},
  year={2008}
  }
@book{hilpert2013constructional,
  title={Constructional change in English: Developments in allomorphy, word formation, and syntax},
  author={Hilpert, Martin},
  year={2013},
  address={Cambridge},
  publisher={Cambridge University Press}
  }
@book{hilpert2014construction,
  title={Construction Grammar and its application to English},
  author={Hilpert, Martin},
  publisher={Edinburgh University Press},
  address={Edinburgh},
  year={2014}
  }
@book{hockett1960course,
  title={A course in modern linguistics},
  author={Hockett, Charles Francis},
  year={1960},
  publisher={Macmillan},
  address={New York}
  }
@book{hoey2005lexical,
  title={Lexical priming: A new theory of words and language},
  author={Hoey, Michael},
  year={2005},
  publisher={Psychology Press}
  }
@book{hogg2006history,
  title={A History of the English language},
  author={Hogg, Richard M and Denison, David},
  year={2006},
  publisher={Cambridge University Press},
  address={Cambridge}
  }
@book{holmes2003languagegender,
  title={The Handbook of Language and Gender},
  author={Holmes, Janet and Meyerhoff, Miriam},
  year={2003},
  publisher={Blackwell Publishing},
  address={Malden, MA.}
  }
@book{hopper2003grammaticalization,
  title={Grammaticalization},
  author={Hopper, Paul J and Traugott, Elizabeth Closs},
  year={2003},
  publisher={Cambridge University Press},
  address={Cambridge}
  }
@book{horvath1985variation,
  title={Variation in Australian English. The sociolects of Sydney},
  author={Horvath, Barbara M},
  publisher={Cambridge Studies in Linguistics},
  address={London},
  year={1985}
  }
@book{huddleston2005student,
  title={A student's introduction to English grammar},
  author={Huddleston, Rodney and Pullum, Geoffrey K},
  year={2005},
  publisher={Cambridge University Press},
  address={Cambridge}
  }
@book{hudson1996sociolinguistics,
  title={Sociolinguistics},
  author={Hudson, Rachel},
  year={1992},
  edition={2},
  publisher={Cambridge University Press},
  address={Cambridge}
  }
@book{iceireguide,
  title={ICE-Ireland: A User's Guide Documentation to accompany the Ireland Component of the International Corpus of English (ICE-Ireland)},
  year={2008},
  author={Kallen, Jeffrey L and Kirk, John M},
  publisher={Clo Ollscoil na Banriona, School of English, Queen's University Belfast},
  address={Belfast, NI}
  }
@book{icenzguide,
  title={Guide to \textit{The New Zealand Component of the International Corpus of English}(ICE-NZ)},
  author={Vine, Bernadette},
  publisher={School of Linguistics and Applied Language Studies, Victoria University of Wellington},
  address={Wellington, NZ},
  year={1999}
  }
@book{jespersen1954grammar,
  title={A Modern English Grammar on Historical Principles: Part 6 - Morphlogy},
  author={Jespersen, Otto},
  year={1954},
  publisher={Allen \& Unwin},
  address={London}
  }
@book{johnson2003acoustic,
  title={Acoustic and auditory phonetics},
  author={Johnson, Keith},
  publisher={Blackwell},
  address={Malden, MA},
  year={2003}
  }
@book{joseph2003handbook,
  author={Joseph, Brian and Janda, Richard D.},
  year={2003},
  title={Handbook of Historical Linguistics},
  address={Malden, MA},
  publisher={Blackwell}
  }
@book{jucker1998markers,
  author="Jucker, Andreas H. and Ziv, Yael",
  title="Discourse markers: descriptions and theory",
  publisher="John Benjamins Publishing",
  address="Amsterdam \& Philadelphia, PA",
  year={1998}
  }
@book{jucker1998markers,
  author={Jucker, Andreas H. and Ziv, Yael},
  title={Discourse markers: descriptions and theory},
  publisher={John Benjamins Publishing},
  address={Amsterdam \& Philadelphia, PA},
  year={1998}
  }
@book{kachru1992other,
  title={The other tongue: English across cultures},
  author={Kachru, Braj B},
  year={1992},
  edition={2},
  publisher={University of Illinois Press},
  address={Champaign, IL}
  }
@book{keller1994language,
  title={On language change: The invisible hand in language},
  author={Keller, Rudi},
  year={1994},
  publisher={Psychology Press}
  }
@book{knowles1997cultural,
  title={A Cultural History of the English Language},
  author={Knowles, Gerry},
  year={1997},
  publisher={Arnold},
  address={London}
  }
@book{kortmann2001linguistik,
  title={Linguistik: Essentials, Anglistik, Amerikanistik},
  author={Kortmann, Bernd},
  year={2001},
  publisher={Cornelsen}
  }
@book{kortmann2004varieties,
  author={Kortmann, Bernd and Burridge, Kate and Mesthrie, Rajend and Schneider, Edgar W. and Upton,Clive},
  title={A Handbook of Varieties of English. Volume 1: Phonology, Volume 2: Morphology and Syntax},
  publisher={Mouton de Gruyter},
  address={Berlin \& New York},
  year={2004}
  }
@book{kortmann2005essentials,
  author={Kortmann, Bernd},
  year={2005},
  title={English Linguistics: Essentials},
  address={Berlin},
  publisher={Cornelsen}
  }
@book{kotsinas1994umgang,
  author={Kotsinas, Ulla-Britt},
  year={1994},
  title={Ungdomsspr\r{a}k},
  address={Uppsala},
  publisher={Hallgren \& Fallgren}
  }
@book{kotsinas1994umgang,
  author={Kotsinas, Ulla-Britt},
  year={1994},
  title={Ungdomssprr{a}k},
  address={Uppsala},
  publisher={Hallgren \& Fallgren}
  }
@book{kovecses2003metaphor,
  title={Metaphor and emotion: Language, culture, and body in human feeling},
  author={K{\"o}vecses, Zolt{\'a}n},
  year={2003},
  publisher={Cambridge University Press}
  }
@book{kovecses2003metaphoremotion,
  title={Metaphor and Emotion: Language, Culture, and Body in Human Feeling},
  author={KÃ¶vecses, Zoltan},
  publisher={Cambridge University Press},
  address={Cambridge},
  year={2003}
  }
@book{kreidler1965report,
  author={Kreidler, Charles W.},
  year={1965},
  title={Report of the Sixteenth Annual Round Table Metting on Linguistics and Language Studies},
  publisher={Georgetown University Press},
  address={Washington, CD}
  }
@book{kroeger2005analyzing,
  title={Analyzing grammar: An introduction},
  author={Kroeger, Paul R},
  year={2005},
  publisher={Cambridge University Press},
  address={Cambridge}
  }
@book{kroon1995discourse,
  author="Kroon, Caroline H. M.",
  title="Discourse Particles in Latin. A Study of nam, enim, autem, vero and at",
  publisher="Gieben",
  address="Amsterdam",
  year=1995}
@book{kroon1995discourse,
  author={Kroon, Caroline H. M.},
  title={Discourse Particles in Latin. A Study of nam, enim, autem, vero and at},
  publisher={Gieben},
  address={Amsterdam},
  year=1995}
@book{labov1966social,
  title={The Social Stratification of English in New York City},
  author={Labov, William},
  publisher={Center for Applied Linguistics},
  address={Washington DC},
  year={1966}
  }
@book{labov1972language,
  title={Language in the inner city: Studies in the Black English vernacular},
  author={Labov, William},
  volume={3},
  year={1972},
  publisher={University of Pennsylvania Press},
  address={Philadelphia, PA}
  }
@book{labov1972quantitative,
  title={A quantitative study of sound change in progress},
  author={Labov, William and Yaeger, Malcah and Steiner, Richard},
  volume={1},
  year={1972},
  publisher={US Regional Survey}
  }
@book{labov1972sociolinguistic,
  title={Sociolinguistic patterns},
  author={Labov, William},
  year={1972},
  publisher={University of Pennsylvania Press},
  address={Philadelphia, PA}
  }
@book{labov1994principles,
  title={Principles of Language Change: Internal Factors},
  author={Labov, William},
  volume={1},
  year={1994},
  publisher={Blackwell},
  address={Oxford}
  }
@book{labov2001principles,
  title={Principles of Linguistic Change: Social Factors},
  author={Labov, William},
  volume={2},
  year={2001},
  publisher={Blackwell}
  }
@book{labov2005atlas,
  title={The atlas of North American English: Phonetics, phonology and sound change},
  author={Labov, William and Ash, Sharon and Boberg, Charles},
  year={2005},
  publisher={Walter de Gruyter},
  address={Berlin}
  }
@book{labov2006social,
  title={The social stratification of English in New York city},
  author={Labov, William},
  year={2006},
  publisher={Cambridge University Press},
  address={Cambridge}
  }
@book{labov2011principles,
  title={Principles of Linguistic Change: Cognitive and Cultural Factors},
  author={Labov, William},
  volume={3},
  year={2011},
  publisher={John Wiley \& Sons}
  }
@book{lakoff1990women,
  title={Women, fire, and dangerous things: What categories reveal about the mind},
  author={Lakoff, George},
  year={1990},
  publisher={Cambridge University Press},
  address={Cambridge}
  }
@book{langacker1987foundations,
  author={Langacker, Ronald W.},
  year={1987},
  title={Foundations of Cognitive Grammar, Vol. I, Theoretical Prerequisites},
  address={Stanford},
  publisher={Stanford University Press}
  }
@book{langacker2008cognitive,
  author={Langacker, Roland W.},
  year={2008},
  title={Cognitive Grammar. A basic introduction},
  address={Oxford},
  publisher={Oxford University Press}
  }
@book{lass1997historical,
  author={Lass, Roger},
  year={1997},
  title={Historical Linguistics and language change},
  address={Cambridge},
  publisher={Cambridge University Press}
  }
@book{lehmann2002grammaticalization,
  title={Thoughts on grammaticalization. Second, revised edition},
  author={Lehmann, Christian},
  year={2002},
  publisher={Arbeitspapiere des Seminars f{\"u}r Sprachwissenschaft der Universit{\"a}t Erfurt},
  address={Erfurt}
  }
@book{lenk1997marking,
  author={Lenk, Uta},
  title={Marking discourse coherence: functions of discourse markers in English},
  publisher={Narr},
  address={T{\"u}bingen},
  year=1997}
@book{lepage1985identity,
  author={Le Page, R. B. and Tabouret-Keller, Andree},
  title={Acts of Identity},
  year={1985},
  publisher={Cambridge University Press},
  address={Cambridge}
  }
@book{levshina2015linguistics,
  title={How to do linguistics with R: Data exploration and statistical analysis},
  author={Levshina, Natalia},
  year={2015},
  publisher={John Benjamins Publishing Company},
  address={Amsterdam}
  }
@book{lewis1954english,
  author={Lewis, Clive Staples},
  year={1954},
  title={English Literature in the 16th Century excluding Drama},
  address={Oxford},
  publisher={Clarendon Press}
  }
@book{lindquist2009corpus,
  title={Corpus linguistics and the description of English},
  author={Lindquist, Hans},
  year={2009},
  publisher={Edinburgh University Press},
  address={Edinburgh}
  }
@book{lyons1981language,
  title={Language and linguistics},
  author={Lyons, John},
  year={1981},
  publisher={Cambridge University Press}
  }
@book{macaulay1977language,
  author={Macaulay, Ronald K.S},
  year={1977},
  title={Language, Social Class and Education: A Glasgow Study},
  address={Edinburgh},
  publisher={University of Edinburgh Press}
  }
@book{macaulay2005talk,
  title={Talk that counts: Age, gender, and social class differences in discourse},
  author={Macaulay, Ronald K. S},
  year={2005},
  publisher={Oxford University Press},
  address={Oxford}
  }
@book{macwhinney2000childes,
  title={The CHILDES project: The database},
  author={MacWhinney, Brian},
  volume={2},
  year={2000},
  publisher={Psychology Press}
  }
@book{mahon1995understanding,
  author={McMahon, April},
  year={1995},
  title={Understanding Language Change},
  address={Cambridge},
  publisher={Cambridge University Press}
  }
@book{mair2008english,
  title={English Linguistics},
  author={Mair, Christian},
  year={2008},
  publisher={Narr Francke},
  address={T{\"u}bingen}
  }
@book{mayer2010linguistische,
  title={Linguistische Phonetik},
  author={Mayer, J{\"o}rg},
  address={Stuttgart},
  publisher={Universit{\"a}t Stuttgart},
  year={2010}
  }
@book{mcarthur1998english,
  title={The English Languages},
  author={McArthur, Tom},
  year={1998},
  publisher={Cambridge University Press},
  address={Cambridge}
  }
@book{mcarthur2002oxford,
  title={The Oxford guide to world English},
  author={McArthur, Tom},
  year={2002},
  publisher={Oxford University Press Oxford},
  address={Oxford}
  }
@book{mcenery2001corpuslinguistics,
  year={2001},
  title={Corpus Linguistics - An Introduction},
  author={McEnery ,Tony and Wilson, Andrew},
  address={Edinburgh},
  publisher={ Edinburg University Press},
  edition={2}
  }
@book{mcenery2006corpus,
  title={Corpus-based language studies},
  author={McEnery, Tony and Xiao, Richard and Tono, Yukio},
  year={2006},
  publisher={Routledge London}
  }
@book{mcmahon1994understanding,
  title={Understanding language change},
  author={McMahon, April},
  year={1994},
  address={Cambridge},
  publisher={Cambridge University Press}
  }
@book{meindl2011methodik,
  title={Methodik f{\"u}r Linguisten},
  author={Meindl, Claudia},
  journal={Eine Einf{\"u}hrung in Statistik und Versuchsplanung},
  address={T{\"u}bingen},
  publisher={Narr},
  year={2011}
  }
@book{menard1995applied,
  title={Applied logistic regression analysis: Sage university series on quantitative applications in the social sciences},
  author={Menard, Scott},
  year={1995},
  publisher={ Sage},
  address={Thousand Oaks, CA}
  }
@book{metcalfe1997canadian,
  title={Canadian, Eh: the Culture of English Canada in the Late'90's},
  author={Metcalfe, William and State University of New York College at Plattsburgh. Center for the Study of Canada},
  year={1997},
  publisher={Center for the Study of Canada, State University of New York},
  address={Plattsburgh, NY}
  }
@book{meyer2002english,
  title={English corpus linguistics: An introduction},
  author={Meyer, Charles F},
  year={2002},
  publisher={Cambridge University Press},
  address={Cambridge}
  }
@book{meyer2010introducing,
  title={Introducing English Linguistics International Student Edition},
  author={Meyer, Charles F and others},
  year={2010},
  publisher={Cambridge University Press},
  address={Cambridge}
  }
@book{meyerhoff2016introducing,
  title={Introducing Sociolinguistics},
  author={Meyerhoff, Miriam},
  year={2011},
  publisher={Routledge},
  address={New York}
  }
@book{miller1976words,
  title={Words and women},
  author={Miller, Casey},
  year={1976},
  publisher={Anchor Press},
  address={Garden City, NY}
  }
@book{miller1998spoken,
  author={Miller, James Edward and Weinert, Regina},
  year={1998},
  title={Spontaneous Spoken Language: Syntax and Discourse},
  address={Oxford},
  publisher={Clarendon Press}
  }
@book{miller2002syntax,
  author={Miller, Jim},
  year={2002},
  title={Introduction to English Syntax},
  publisher={Edinburgh University Press},
  address={Edinburgh}
  }
@book{milroy2003sociolinguistics,
  title={Sociolinguistics: Method and interpretation},
  author={Milroy, Lesley and Gordon, Matthew},
  volume={13},
  year={2003},
  publisher={John Wiley \& Sons}
  } 
@book{moretti2005graphs,
  title={Graphs, maps, trees: abstract models for a literary history},
  author={Moretti, Franco},
  year={2005},
  publisher={Verso}
}
@book{moretti2013distant,
  title={Distant reading},
  author={Moretti, Franco},
  year={2013},
  publisher={Verso}
}
@book{morris1969american,
  title={American heritage dictionary of the English language},
  author={Morris, William},
  year={1969},
  publisher={Houghton Mifflin},
  address={Boston}
  }
@book{muller2005discourse,
  title={Discourse markers in native and non-native English discourse},
  author={M{\"u}ller, Simone},
  volume={138},
  year={2005},
  publisher="John Benjamins Publishing",
  address="Amsterdam \& Philadelphia, PA"}
@book{muller2005discourse,
  title={Discourse markers in native and non-native English discourse},
  author={M{\"u}ller, Simone},
  volume={138},
  year={2005},
  publisher={John Benjamins Publishing},
  address={Amsterdam \& Philadelphia, PA}
  }
@book{myers1990classical,
  title={Classical and modern regression with applications},
  author={Myers, Raymond H},
  volume={2},
  year={1990},
  publisher={Duxbury Press Belmont, CA}
  }
@book{nathan2008phonology,
  title={Phonology: a cognitive grammar introduction},
  author={Nathan, Geoffrey S},
  volume={3},
  year={2008},
  publisher={John Benjamins Publishing},
  address={Amsterdam \& Philadelphia, PA}
  }
@book{neter1990vif,
author = {Neter, J. and  Wasserman, W. and Kutner, MH},
year = {1990},
title = {Applied linear statistical models. Regression, analysis
of variance, and experimental design},
address = {Irwin, Homewood, USA}
}
@book{nevalainen2003historical,
  title={Historical sociolinguistics: language change in Tudor and Stuart England},
  author={Nevalainen, Terttu and Raumolin-Brunberg, Helena},
  year={2003},
  publisher={Pearson Education},
  address={Harlow}
  }
@book{newman1974strickly,
  title={Strictly speaking: will America be the death of English?},
  author={Newman, Edwin},
  year={1974},
  publisher={Bobbs-Merrill}
  }
@book{newmeyer2000language,
  title={Language form and language function},
  author={Newmeyer, Frederick J},
  year={2000},
  publisher={MIT press},
  address={Cambridge, MA}
  }
@book{nordberg1998observing,
  author={Nordberg, Bengt and Sundgren, Eva},
  year={1998},
  title={On observing real-time language change: A Swedish case study},
  address={Uppsala},
  publisher={Enheten f{\"o}r sociolingvistik, Institutionen f{\"o}r Nordiska Sprr{a}k vid Uppsala Universitet}
  }
@book{nordberg1998observing,
  author={Nordberg, Bengt and Sundgren, Eva},
  year={1998},
  title={On observing real-time language change: A Swedish case study},
  address={Uppsala},
  publisher={Enheten f{\"o}r sociolingvistik, Institutionen f{\"o}r Nordiska Spr\r{a}k vid Uppsala Universitet}
  }
@book{ogden2017introduction,
  title={Introduction to English Phonetics},
  author={Ogden, Richard},
  year={2017},
    address={Edinburgh},
  publisher={Edinburgh University Press}
}
@book{onysko2007anglicisms,
  author={Onysko, Alexander},
  year={2007},
  title={Anglicisms in German. Borrowing, Lexical Productivity, and Written Codeswitching},
  address={Berlin},
  publisher={Mouton de Gryter}
  }
@book{ostman2005construction,
  author={Ã–stman, Jan-Ola and Fried, Mirjam},
  title={Construction Grammars. Cognitive grounding and theoretical extensions},
  publisher={John Benjamins Publishing Company},
  address={Amsterdam \& Philadelphia},
  year={2005}
  }
@book{overstreet1999whales,
  author={Overstreet, Maryann},
  year={1999},
  title={Whales, Candlelight, and Stuff Like That. General extenders in English discourse},
  address={Oxford},
  publisher={Oxford University Press}
  }
@book{partridge1984dictionary,
  title={A dictionary of slang and unconventional English},
  author={Partridge, Eric},
  year={1984},
  publisher={Routledge \& Kegan Paul},
  address={London}
  }
@book{pinheiro2000mixedmodels,
author = {Pinheiro, J. C. and Bates, D. M.},
title = {Mixed-Effects Models in S and S-PLUS. Statistics and
Computing},
publisher = {Springer},
address = {New York}, 
year = {2000}
}
@book{plag2003word,
  author={Plag, Ingo},
  title={Word-Formation in English},
  publisher={Cambridge University Press},
  address={Cambridge},
  year={2003}
  }
@book{platt1984new,
  title={The New Englishes},
  author={Platt, John Talbot and Weber, Heidi and Ho, Mian Lian},
  year={1984},
  publisher={Routledge \& Kegan Paul},
  address={London}
  }
@book{plutchik1980general,
  title={A general psychoevolutionary theory of emotion},
  author={Plutchik, Robert}, series={Theories of emotion},
  volume={1},
  year={1980},
  publisher={Academic Press},
  address={New York, NY}
  }
@book{plutchik1994psychology,
  title={The psychology and biology of emotion.},
  author={Plutchik, Robert},
  year={1994},
  publisher={Harper Collins College Publishers}
  }
@book{porto3,
  author={Barker, Ruth and Collenberg, Simone and Ripke, Tanja and Gebhardt, Ingrid and J{\"u}ngst, Pat},
  title={Portobello Road Textbook 3},
  publisher={Diesterweg},
  address={Braunschweig},
  year={2007}
  }
@book{porto6,
  author={Beer, Natalie and Redlich, Sylvia and Windhausen, Andrea and Gebhardt, Ingrid and J{\"u}ngst, Pat},
  title={Portobello Road Textbook 6 pro},
  publisher={Diesterweg},
  address={Braunschweig},
  year={2010}
  }
@book{pride1982new,
  title={New Englishes},
  author={Pride, John B},
  year={1982},
  publisher={Newbury House Rowley, MA},
  address={London \& Tokyo}
  }
@book{pyles1982origins,
  author={Pyles, Thomas and Algeo, John},
  year={1982},
  title={The Origins and the Development of the English Language},
  address={New York, San Diego, Chicago},
  publisher={Harcourt Brace Jovanovich}
  }
@book{quirk1985comprehensive,
  title={A Comprehensive Grammar of the English Language},
  author={Quirk, Randolph and Greenbaum, Sidney and Leech, Geoffey and Svartvik, Jan},
  year={1985},
  publisher={Longman},
  address={London \& New York}
  }
@book{randall1988webster,
  title={Webster's new world guide to current American usage},
  author={Randall, Bernice},
  year={1988},
  publisher={Webster's New World}
  }
@book{rinne2008taschenbuch,
  title={Taschenbuch der Statistik},
  author={Rinne, Horst},
  year={2008},
  publisher={Harri Deutsch Verlag},
  address={Frankfurt am Main}
  }
@book{roberts1996variable,
  title={Acquisition of Variable Rules: (-t,d) deletion and (ing) production in preschool children. Institute for Research in Cognitive Science (IRCS) Report 96â€“09},
  author={Roberts, Julie},
  year={1996},
  publisher={University of Pennsylvani},
  address={Philadelphia}
  }
@book{romaine1982socio,
  title={Socio-Historical Linguistics. Its Status and Methodology},
  author={Romaine, Suzanne},
  publisher={Cambridge University Press},
  address={Cambridge},
  year={1982}
  }
@book{romaine2000language,
  title={Language in society: An introduction to sociolinguistics},
  author={Romaine, Suzanne},
  year={2000},
  publisher={Oxford University Press},
  address={Oxford}
  }
@book{rousseeuw2005robust,
  title={Robust regression and outlier detection},
  author={Rousseeuw, Peter J and Leroy, Annick M},
  volume={589},
  year={2005},
  publisher={John wiley \& sons}
}
@book{sagan2011demon,
  title={Demon-haunted world: science as a candle in the dark},
  author={Sagan, Carl},
  year={2011},
  publisher={Ballantine Books}
  }
@book{sapir1921language,
  title={Language: An introduction to the study of speech},
  author={Sapir, Edward},
  publisher={Harcout, Brace \& Company},
  address={New York},
  year={1921}
  }
@book{saussure2011course,
  title={Course in general linguistics},
  author={De Saussure, Ferdinand},
  year={2011},
  publisher={Columbia University Press},
  address={New York, NY}
  }
@book{saxton2010child,
  author={Saxton, Matthew},
  year={2010},
  title={Child Language: acquisition and development},
  publisher={Sage},
  address={Los Angeles}
  }
@book{sbc,
  author={Du Bois, John W and Chafe, Wallace L and Meyer, Charles and Thompson, Sandra A and Englebretson, Robert and Martey, Nii},
  year={2000-2005},
  title={Santa Barbara corpus of spoken American English, Parts 1-4},
  address={Philadelphia},
  publisher={Linguistic Data Consortium}
  }
@book{schegloff2007sequence,
  author={Schegloff, E. A.},
  year={2007},
  title={Sequence organization in interaction},
  volume={1},
  address={Cambridge},
  publisher={Cambridge University Press}
  }
@book{schiffrin1988discourse,
  title={Discourse markers},
  author={Schiffrin, Deborah},
  year={1988},
  publisher={Cambridge University Press},
  address={Cambridge}
  }
@book{schneider2007postcolonial,
  title={Postcolonial English: varieties around the world},
  author={Schneider, Edgar W},
  year={2007},
  publisher={Cambridge University Press},
  address={Cambridge}
  }
@book{schourup1985common,
  title={Common discourse particles in English conversation. Like, Well, y'know},
  author={Schourup, Lawrence C},
  year={1985},
  publisher={Garland},
  address={New York}
  }
@book{siemund2012amazing,
  title={The amazing world of Englishes: a practical introduction},
  author={Siemund, Peter and Davydova, Julia and Maier, Georg},
  year={2012},
  publisher={Walter de Gruyter},
  address={Berlin \& New York}
  }
@book{simpson1989oxford,
  title={The Oxford english dictionary},
  author={Simpson, John Andrew and Weiner, Edmund SC and others},
  volume={8},
  year={1989},
  publisher={Clarendon Press Oxford},
  address={Oxford}
  }
@book{smith1776inquiry,
  title={An inquiry into the wealth of nations},
  author={Smith, Adam},
  publisher={Strahan and Cadell},
  address={London},
  year={1776}
  }
@book{smith2007sound,
  author={Smith, Jeremy},
  year={2007},
  title={Sound Change and the History of English},
  address={Oxford},
  publisher={Oxford University Press}
  }
@book{sperber1986relevance,
  author={Sperber, Dan and Wilson, Deirdre},
  year={1986},
  title={Relevance: communication and cognition},
  address={Oxford},
  publisher={Blackwell}
  }
@book{steger2003globalization,
  title={Globalization: A very short introduction},
  author={Steger, Manfred},
  year={2003},
  publisher={Oxford University Press},
  address={Oxford}
  }
@book{stevens2000acoustic,
  title={Acoustic phonetics},
  author={Stevens, Kenneth N},
  volume={30},
  year={2000},
  publisher={MIT press},
  address={Boston, MA}
  }
@book{stoffel1901intensives,
  author={Stoffel, Cornelis},
  year={1901},
  title={Intensives and down-toners},
  address={Heidelberg},
  publisher={Carl Winter}
  }
@book{stubbs1983discourse,
  title={Discourse analysis: The sociolinguistic analysis of natural language},
  author={Stubbs, Michael},
  volume={4},
  year={1983},
  publisher={University of Chicago Press},
  address={Chicago, IL}
  }
@book{sturtevant1947introduction,
  author={Sturtevant, Edgar},
  year={1947},
  title={An Introduction to Linguistic Science},
  address={New Haven},
  publisher={Yale University Press}
  }
@book{svartvik1992directions,
  title={Directions in corpus linguistics: proceedings of Nobel Symposium 82 Stockholm, 4-8 August 1991},
  author={Svartvik, Jan},
  volume={65},
  year={1992},
  publisher={Walter de Gruyter}
  }
@book{szmrecsanyi2006morphosyntactic,
  title={Morphosyntactic persistence in spoken English: A corpus study at the intersection of variationist sociolinguistics, psycholinguistics, and discourse analysis},
  author={Szmrecsanyi, Benedikt},
  year={2006},
  publisher={Walter de Gruyter},
  address={Berlin \& New York}
  }
@book{tagliamonte2011variationist,
  title={Variationist sociolinguistics: change, observation, interpretation},
  author={Tagliamonte, Sali A},
  volume={39},
  year={2011},
  publisher={John Wiley \& Sons},
  address={Malden \& Oxford}
  }
@book{tannen1994gender,
  title={Gender and discourse},
  author={Tannen, Deborah},
  year={1994},
  publisher={Oxford University Press},
  address={Oxford}
}
@book{thomason1988language,
  title={Language contact, creolization, and genetic linguistics},
  author={Thomason, Sarah Grey and Kaufman, Terrence},
  year={1988},
  publisher={University of California Press},
  address={Berkeley \& Los Angeles}
  }
@book{tomasello2003constructing,
  title={Constructing a language: A usage-based theory of language acquisition},
  author={Tomasello, Michael},
  year={2003},
  publisher={Harvard University Press},
  address={Cambrigde}
  }
@book{trager1949field,
  title={The field of linguistics},
  author={Tr{\"a}ger, George L.},
  address={Oklahoma}, series={Studies in Linguistics Occasional Papers},
  year={1949},
  publisher={Battenburg Press}
  }
@book{trask2010why,
  author={Trask, R. Larry},
  year={2010},
  title={Why Do Languages Change?},
  address={Cambridge},
  publisher={Cambridge University Press}
  }
@book{traugott1991approaches,
  title={Approaches to Grammaticalization},
  author={Traugott, Elizabeth Closs and Heine, Bernd},
  year={1991},
  publisher={John Benjamins Publishing Company},
  address={Amsterdam \& Philadelphia}
  }
@book{traxler2006handbook,
  title={Handbook of psycholinguistics},
  author={Traxler, Matthew and Gernsbacher, Morton Ann},
  year={2006},
  publisher={Academic Press},
  address={Amsterdam}
  }
@book{trudgill1974social,
  title={The social differentiation of English in Norwich},
  author={Trudgill, Peter},
  volume={13},
  year={1974},
  publisher={Cambridge University Press},
  address={Cambridge}
  }
@book{turner1966english,
  author={Turner, G. W.},
  year={1966},
  title={The English language in Australia and New Zealand},
  address={London},
  publisher={Longmans, Green and Co.}
  }
@book{twisk2006multilevel,
author = {Twisk, J. W. R.},
year = {2006},
title = {Applied multilevel analysis: A practical guide},
address = {Cambridge},
publisher = {Cambridge University Press}
}
@book{ungerer2013introduction,
  title={An introduction to cognitive linguistics},
  author={Ungerer, Friedrich and Schmid, Hans-J{\"o}rg},
  year={2013},
  publisher={Routledge}
  }
@book{weinreich1953languages,
  author={Weinreich, Uriel},
  year={1953},
  title={Languages in Contact. Findings and Problems},
  address={New York, NY},
  publisher={Linguistic Circle of New York}
  }
@book{wentworth1967dictionary,
  title={Dictionary of American slang},
  author={Wentworth, Harold and Flexner, Stuart Berg},
  year={1967},
  publisher={George G. Harap \& Co},
  address={London}
  }
@book{whitney1904language,
  title={Language and the Study of Language: twelve lectures on the principles of language science},
  author={Whitney, William Dwight},
  year={1904},
  publisher={Charles Scribner \& Co},
  address={New York}
  }
@book{wierzbicka1972semantic,
  title={Semantic Primitives},
  author={Wierzbicka, Anna},
  publisher={Athen{\"a}um},
  address={Frankfurt},
  year={1972}
  }
@book{wierzbicka1992semantics,
  title={Semantics, culture, and cognition: Universal human concepts in culture-specific configurations},
  author={Wierzbicka, Anna},
  year={1992},
  address={Oxford},
  publisher={Oxford University Press}
}
@book{wilce2009language,
  title={Language and emotion},
  author={Wilce, James MacLynn},
  year={2009},
  publisher={Cambridge University Press},
  address={Cambridge}
  }
@book{wilcox2009basic,
  title={Basic statistics: understanding conventional methods and modern insights},
  author={Wilcox, Rand R},
  year={2009},
  publisher={Oxford University Press}
  }
@book{wilson1915lowland,
  author={Wilson, Sir James},
  year={1915},
  title={Lowland Scotch as spoken in the Lower Strathearn district of Perthshire},
  address={London},
  publisher={Oxford University Press}
  }
@book{wischer2002new,
  title={New reflections on grammaticalization},
  author={Wischer, Ilse and Diewald, Gabriele},
  year={2002},
  publisher={John Benjamins Publishing Company},
  address={Amsterdam \& Philadelphia}
  }
@book{wray2006projects,
  title={Projects in linguistics: A practical guide to researching language},
  author={Wray, Alison and Bloomer, Aileen},
  year={2006},
  address={New York},
  publisher={Oxford University Press}
  }
@book{wright1857dictionary,
  title={Dictionary of obsolete and provincial English},
  author={Wright, Thomas},
  volume={2},
  year={1857},
  publisher={Henry G. Bohn},
  address={London}
  }
@book{wright1902english,
  title={The English Dialect Dictionary},
  author={Wright, Joseph},
  volume={4},
  year={1902},
  publisher={H. Frowde},
  address={London}
  }
@book{wunderlich1974grundlagen,
  author={Wunderlich, Dieter},
  year={1974},
  title={Grundlagen der Linguistik},
  address={Reinbeck},
  publisher={Rowohlt Taschenbuch Verlag}
  }
@book{yule2014study,
  title={The study of language},
  author={Yule, George},
  year={2014},
  publisher={Cambridge University Press},
  address={Cambridge}
  }
@book{zuur2009mixedmodels,
author = {Zuur, Alain F. and ·Ieno, Elena N. and · Walker, Neil J. and·
Saveliev, Anatoly A. and · Smith, Graham M. },
year = {2009},
title = {Mixed Effects Models and Extensions in Ecology with R},
publisher = {Springer}
}
@book{zuur2009mixedmodels,
author = {Zuur, Alain F. and ·Ieno, Elena N. and · Walker, Neil J. and·
Saveliev, Anatoly A. and · Smith, Graham M. },
year = {2009},
title = {Mixed Effects Models and Extensions in Ecology with R},
publisher = {Springer}
}
@book{zuur2013beginner,
  title={A beginner s guide to GLM and GLMM with R},
  author={Zuur, AF and Hilbe, JM and Ieno, EN},
  year={2013},
  publisher={Highland Statistics Ltd},
  address = {Newburgh}
}
@incollection{abraham1991discourse,
  author="Abraham, Werner",
  title="Discourse particles in German: How does their illocutive force come about",
  editor="Abraham, Werner",
  booktitle="Discourse particles",
  publisher="John Benjamins",
  address="Amsterdam",
  year=1991,
  pages="203-252",}
@incollection{abraham1991discourse,
  author={Abraham, Werner},
  title={Discourse particles in German: How does their illocutive force come about},
  editor={Abraham, Werner},
  booktitle={Discourse particles},
  publisher={John Benjamins},
  address={Amsterdam},
  year=1991,
  pages={203-252}
  }
@incollection{aijmer2011totally,
  author={Aijmer, Karin},
  year={2011},
  title={Are you totally spy? A new intensifier in present-day American English},
  booktitle={Marqueurs discursifs et subjectivité}, 
  editor={Hancil, Sylvie},
  pages={155–172},
  address={Rouen},
  publisher={Universités de Rouen and Havre}
}
@incollection{aijmer2018well,
  author={Aijmer, Karin},
  year={2018},
  title={That's well bad. Some new intensifiers in spoken in British English},
  booktitle={Corpus Approaches to Contemporary British English}, 
  editor={Brezina, Vaclav and Love, Robbie and Aijmer, Karin},
  pages={60-95}, 
  publisher={Routledge},
  address={New York and London}
}
@incollection{aitchinson2003psycholinguistic,
  title={Psycholinguistic Perspectives on Language Change},
  author={Aitchinson, Jean},
  editor={Joseph, Brian D. and Janda, Richard D.},
  booktitle={The Handbook of Historical Linguistics},
  year={2003},
  publisher={Blackwell Publishing},
  address={Malden, MA; Oxford; Carlton},
  pages={736-743}
  }
@incollection{amador2010how,
  author={Amador Moreno, Carolina P},
  year={2010},
  title={How can Corpora be used to explore literary speech representation?},
  editor={O'Keeffe, Anne and McCarthy, Michael},
  pages={531-544},
  booktitle={The Routledge Handbook of Corpus Linguistics},
  address={Abingdon (UK) \& New York},
  publisher={Routeledge}
  }
@incollection{andersen1997like,
  author={Andersen, Gisle},
  title={They like wanna see like how we talk and all that. The use of like as a discourse marker in London teenage speech},
  editor={Ljung, Magnus},
  booktitle={Corpus-based studies in English},
  publisher={Rodopi},
  address={Amsterdam},
  year=1997,
  pages={37-48},}
@incollection{andersen1998pragmatic,
  title={The pragmatic marker like from a relevance-theoretic perspective},
  author={Andersen, Gisle},
  editor={Jucker, Andreas H. and Ziv, Yael},
  booktitle={Discourse markers: descriptions and theory},
  pages={147-170},
  year={1998},
  publisher={John Benjamins Publishing Company},
  address={Amsterdam \& New York}
  }
@incollection{andersen2000role,
  author={Andersen, Gisle},
  title={The role of the pragmatic marker like in utterance interpretation},
  editor={Andersen, Gisle and Fretheim, Thorsten},
  booktitle={Pragmatic Markers and Propositional Attitude},
  publisher={John Benjamins Publishing Company},
  address={Amsterdam \& Phildelphia, PA},
  year=2000,
  pages={17-38},}
@incollection{anderwald2004english,
  author="Anderwald, Lieselotte",
  title="English in the Southeast of England: morphology and syntax",
  editor="Kortmann, Bernd and Burridge, Kate and Mesthrie, Rajend and Schneider, Edgar W. and Upton,Clive",
  booktitle="A Handbook of Varieties of English. Volume 1: Phonology, Volume 2: Morphology and Syntax",
  publisher="Mouton de Gruyter",
  address="Berlin \& New York",
  year=2004,
  pages={175â€“-195}
  }
@incollection{anderwald2004english,
  author={Anderwald, Lieselotte},
  title={English in the Southeast of England: morphology and syntax},
  editor={Kortmann, Bernd and Burridge, Kate and Mesthrie, Rajend and Schneider, Edgar W. and Upton,Clive},
  booktitle={A Handbook of Varieties of English. Volume 1: Phonology, Volume 2: Morphology and Syntax},
  publisher={Mouton de Gruyter},
  address={Berlin \& New York},
  year=2004,
  pages={175â€“-195}
  }
@incollection{audretsch2000knowledge,
  author="Audretsch, David B.",
  title="Knowledge, globalization, and regions: an economist's perspective",
  editor="Dunning, John H.",
  booktitle="Regions, globalization, and the knowledge-based economy",
  publisher="Oxford University Press",
  address="Oxford",
  year=2000,
  pages="63-81",}
@incollection{audretsch2000knowledge,
  author={Audretsch, David B.},
  title={Knowledge, globalization, and regions: an economist's perspective},
  editor={Dunning, John H.},
  booktitle={Regions, globalization, and the knowledge-based economy},
  publisher={Oxford University Press},
  address={Oxford},
  year=2000,
  pages={63-81},}
@incollection{auer2005entstehung,
  title={Die Entstehung von Diskursmarkern im Deutschen - ein Fall von Grammatikalisierung},
  author={Auer, Peter and G{\"u}nthner, Susanne},
  editor={Leuschner, Torsten and Mortelmans, Tanja and de Groodt, Sarah},
  booktitle={Grammatikalisierung im Deutschen},
  year={2005},
  publisher={Mouton de Gruyter},
  address={Berlin \& New York},
  pages={335-362}
  }
@incollection{bayley2004english,
  author="Bayley, Robert and Santa Ana, Otto",
  title="Chicano English: morphology and syntax",
  editor="Kortmann, Bernd and Burridge, Kate and Mesthrie, Rajend and Schneider, Edgar W. and Upton,Clive",
  booktitle="A Handbook of Varieties of English. Volume 1: Phonology, Volume 2: Morphology and Syntax",
  publisher="Mouton de Gruyter",
  address="Berlin \& New York",
  year=2004,
  pages={374â€“-390}
  }
@incollection{bayley2004english,
  author={Bayley, Robert and Santa Ana, Otto},
  title={Chicano English: morphology and syntax},
  editor={Kortmann, Bernd and Burridge, Kate and Mesthrie, Rajend and Schneider, Edgar W. and Upton,Clive},
  booktitle={A Handbook of Varieties of English. Volume 1: Phonology, Volume 2: Morphology and Syntax},
  publisher={Mouton de Gruyter},
  address={Berlin \& New York},
  year=2004,
  pages={374â€“-390}
  }
@incollection{beal2004english,
  author="Beal, Joan",
  title="English dialects in the North of England: morphology and syntax",
  editor="Kortmann, Bernd and Burridge, Kate and Mesthrie, Rajend and Schneider, Edgar W. and Upton,Clive",
  booktitle="A Handbook of Varieties of English. Volume 1: Phonology, Volume 2: Morphology and Syntax",
  publisher="Mouton de Gruyter",
  address="Berlin \& New York",
  year=2004,
  pages={114â€“-141}
  }
@incollection{beal2004english,
  author={Beal, Joan},
  title={English dialects in the North of England: morphology and syntax},
  editor={Kortmann, Bernd and Burridge, Kate and Mesthrie, Rajend and Schneider, Edgar W. and Upton,Clive},
  booktitle={A Handbook of Varieties of English. Volume 1: Phonology, Volume 2: Morphology and Syntax},
  publisher={Mouton de Gruyter},
  address={Berlin \& New York},
  year=2004,
  pages={114â€“-141}
  }
@incollection{bell2001back,
  author={Bell, Alan},
  title={Back in style: Reworking audience design},
  editor={Eckert, Penelope and Rickford, John},
  booktitle={Style and Sociolinguistic Variation},
  publisher={Cambridge University Press},
  address={Cambridge},
  year=2001,
  pages={139-169}
  }
@incollection{bell2008multilevel,
author={Bell, Bethany A. and Ferron, John M. and Kromrey, Jeffrey D.},
  year = {2008},
  title = {Cluster size in multilevel models: the impact of sparse data structures on point and interval estimates in two-level models},
  booktitle = {JSM Proceedings. Section on Survey Research Methods},
  pages = {1122-1129},
  publisher={American Statistical Association Alexandria, VA}
  }
@incollection{bickel2012descriptive,
  title={Descriptive statistics for nonparametric models I. Introduction},
  author={Bickel, PJ and Lehmann, EL},
  booktitle={Selected Works of EL Lehmann},
  pages={465--471},
  year={2012},
  publisher={Springer}
}
@incollection{blakemore1988constraints,
  author={Blakemore, Diane},
  year={1988},
  title={Constraints on interpretation},
  editor={Hall, Kira and Koenig, Jean Pierre and Meacham, Michael and Reiman, Sondra and Sutton, Laurel A},
  booktitle={Proceedings of the sixteenth annual meeting of the Berkeley Linguistics Society},
  address={Berkeley},
  publisher={Berkeley Linguistics Society},
  pages={363-370}
  }
@incollection{blakemore1988organization,
  author={Blakemore, Diane},
  year={1988},
  title={The organization of discourse},
  editor={Newmeyer, Frederick J},
  booktitle={Linguistics: The Cambridge survey. Vol. IV. Language: The cultural context},
  address={Cambridge},
  publisher={Cambridge University Press},
  pages={229-250}
  }
@incollection{blakemore2004discourse,
  author={Blakemore, Diane},
  year={2004},
  title={Discourse markers},
  editor={Horn, Lawrence and Ward, Gregory},
  booktitle={Handbook of Pragmatics},
  address={Oxford},
  publisher={Blackwell},
  pages={221â€“-240}
  }
@incollection{brinton2000importance,
  title={The Importance of Discourse Types in Grammaticalization: The Case of Anon},
  author={Brinton, Laurel},
  booktitle={Approaches to Grammaticalization},
  editor={Herring, Susan C. and van Reenen, Pieter Th. and SchÃ¸sler, Lene},
  pages={139-162},
  year={1991},
  publisher={John Benjamins Publishing Company},
  address={Amsterdam \& Philadelphia}
  }
@incollection{britain2002space,
  author={Britain, David},
  title={Space and spatial diffusion},
  editor={Chambers, Jack K. and Trudgill, Peter and Schilling-Estes, Natalie},
  booktitle={The Handbook of Language Variation and Change},
  publisher={Wiley-Blackwell},
  address={Oxford},
  year=2002,
  pages={603-637}
  }
@incollection{britain2002space,
  author={Britain, David},
  title={Space and spatial diffusion},
  editor={Chambers, Jack K. and Trudgill, Peter and Schilling-Estes, Natalie},
  booktitle={The Handbook of Language Variation and Change},
  publisher={Wiley-Blackwell},
  address={Oxford},
  year=2002,
  pages={603-637}
  }
@incollection{britain2010space,
  booktitle={Language and Space. An International Handbook of Linguistic Variation},
  editor={Auer, Peter and Schmidt, J{\"u}rgen Erich},
  author={Britain, David},
  title={Language and space: The variationist approach},
  publisher={De Gruyter Mouton},
  address={Berlin and New York},
  pages={142-162},
  year={2010}
  }
@incollection{bybee2003grammaticalization,
  author={Bybee, Joan},
  year={2003},
  title={Mechanisms of change in grammaticization: The role of frequency},
  editor={Joseph, Brian D. and Richard Janda},
  booktitle={The Handbook of Historical Linguistics},
  address={Oxford},
  publisher={Blackwell},
  pages={602-623}
  }
@incollection{caron1991psychopragmatics,
  title={Psychopragmatics vs. sociopragmatics: The function of pragmatic markers in thinking-aloud protocols},
  author={Caron-Prague, Josiane and Caron, Jean},
  booktitle={Pragmatics at Issue: Selected Papers of the International Pragmatics Conference, Antwerp, August 17â€“22, 1987},
  editor={Verschueren, Jef},
  year={1991},
  publisher={John Benjamins Publishing Company},
  address={Amsterdam},
  pages={29â€“-36}
  }
@incollection{cedergren1987spread,
  author={Cedergren, Henrietta},
  year={1987},
  title={The Spread of Language Change: Verifying Inferences of Linguistic Diffusion},
  editor={Lowenberg, Peter H},
  booktitle={Language Spread and Language Policy: Issues, Implications and Case Studies},
  publisher={Georgetown University Round Table on Language and Linguistics; Georgetown University Press},
  address={Washington, D.C},
  pages={45-60}
  }
@incollection{cheshire1991introduction,
  title={Introduction},
  author={Cheshire, Jenny},
  editor={Cheshire, Jenny},
  booktitle={English around the world: Sociolinguistic perspectives},
  year={1991},
  publisher={Cambridge University Press},
  address={Cambridge},
  pages={1-12}
  }
@incollection{croft2006models,
  author={Croft, William},
  year={2006},
  title={Evolutionary Models and Functional - Typological Theories of Language Change},
  editor={van Kemenade, Ans and Los, Bettelou},
  booktitle={The Handbook of the History of English},
  pages={68-91},
  address={Malden, MA; Oxford; Carlton},
  publisher={Blackwell Publishing}
  }
@incollection{crystal2006english,
  author={Crystal, David},
  title={English world-wide},
  booktitle={A History of the English language},
  editor={Hogg, Richard M and Denison, David},
  year={2006},
  publisher={Cambridge University Press},
  address={Cambridge},
  pages={420-439}}
@incollection{culpeper2009spelling,
  author={Culpeper, Jonathan and Archer, Dawn},
  title={The Histroy of English Spelling},
  year={2009},
  editor={Culpeper, Jonathan and Katamba, Francis and Kerswill, Paul and Wodak, Ruth and McEnery, Tony},
  booktitle={English language: Description, variation and context},
  pages={244-258},
  publisher={Palgrave Macmillan},
  address={Basingstoke}
  }
@incollection{diaz2013love,
  title={Love in the time of the corpora. Preferential conceptualizations of love in world Englishes},
  year={2013},
  author={D{\'\i}az-Vera, Javier E},
  pages={161-165},
  editor={Pirrelli, Vito and Marzi, Claudia and Ferro, Marcello},
  booktitle={Word Structure and Word Usage. Proceedings of the NetWordS Final Conference, Pisa, March 30-April 1, 2015},
  publisher={IPS Press BV},
  address={Amsterdam}
  }
@incollection{diessel2009frequency,
  author={Diessel, Holger},
  year={2009},
  title={On the role of frequency and similarity in the acquisition of subject and non-subject relative clauses},
  editor={GivÃ³n, Tamly and Shibatani, M.},
  booktitle={Syntactic Complexity},
  address={Amsterdam}, publishers={John Benjamins},
  pages={251-276}
  }
@incollection{diewald2002model,
  title={A model for relevant types of contexts in grammaticalization. New Reflections on Grammaticalization},
  author={Traugott, Elizabeth Closs and K{\"o}nig, Ekkehard},
  booktitle={Approaches to Grammaticalization},
  editor={Wischer, Ilse and Diewald, Gabriele},
  pages={103-120},
  year={2002},
  publisher={John Benjamins Publishing Company},
  address={Amsterdam \& Philadelphia}
  }
@incollection{diewald2010problems,
  title={On some problem areas in grammaticalization theory},
  author={Diewald, Gabriele},
  editor={Stathi, Katerina and Gehweiler, Elke and K{\"o}nig, Ekkehard},
  booktitle={Grammaticalization: Current views and issues},
  year={2010},
  publisher={John Benjamins Publishing Company},
  address={Amsterdam},
  pages={17-50}
  }
@incollection{dyer2007identity,
  booktitle={The Routledge Companion to Sociolinguistics},
  editor={Llamas, Carmen and Mullany, Louise and Stockwell, Peter},
  title={Language and identity},
  author={Dyer, Judy},
  pages={101-109},
  year={2007},
  publisher={Routledge},
  address={London and New York}
  }
@incollection{eckert1998gender,
  author={Eckert, Penelope},
  title={Gender and sociolinguistic variation},
  editor={Coates, Jennifer},
  booktitle={Language and Gender: A Reader},
  publisher={Blackwell publishers},
  address={Oxford},
  year=1998,
  pages={64-75}
  }
@incollection{eckert2001style,
  author={Eckert, Penelope},
  title={Style and social meaning},
  editor={Eckert, Penelope and Rickford, John R},
  booktitle={Style and sociolinguistic variation},
  publisher={Cambridge University Press},
  address={Cambridge},
  year=2001,
  pages={206-219}
  }
@incollection{fischer2006syntax,
  author={Fischer, Olga},
  title={Syntax},
  booktitle={The Cambridge Hhistory of the English Language, Volume II 1066-1476},
  editor={Blake, Norman},
  pages={207-408},
  volume={2},
  year={2006},
  publisher={Cambridge University Press},
  address={Cambridge}
  }
@incollection{fleischman2004discourse,
  title={Discourse markers across languages. Evidence from English and French},
  author={Fleischman, Suzanne and Yaguello, Marina},
  editor={Moder, Carol Lynn and Martinovic-Zic, Aida},
  booktitle={Discourse across languages and cultures},
  year={2004},
  publisher={John Benjamins Publishing Company},
  address={Amstrerdam \& New York},
  pages={129-148}
  }
@incollection{fought2011ethnicity,
  title={Language and ethnicity},
  author={Fought, Carmen},
  editor={Mesthrie, Rajend},
  booktitle={The Cambridge Handbook of Sociolinguistics},
  year={2011},
  publisher={Cambridge University Press},
  address={Cambridge},
  pages={238-258}
  }
@incollection{fraser1987pragmatic,
  author="Fraser, Bruce",
  title="Pragmatic formatives",
  editor="Jef Verschueren and Bertucelli-Papi, Marcella",
  booktitle="The pragmatic perspective",
  publisher="John Benjamins Publishing",
  address="Amsterdam",
  year=1987,
  pages="179-194",}
@incollection{fraser1987pragmatic,
  author={Fraser, Bruce},
  title={Pragmatic formatives},
  editor={Jef Verschueren and Bertucelli-Papi, Marcella},
  booktitle={The pragmatic perspective},
  publisher={John Benjamins Publishing},
  address={Amsterdam},
  year=1987,
  pages={179-194},}
@incollection{fraser1998discourse,
  author="Fraser, Bruce",
  title="Contrastive discourse markers",
  editor="Jucker, Andreas H. and Ziv, Yael",
  booktitle="Discourse markers: Descriptions and theory",
  publisher="John Benjamins Publishing",
  address="Amsterdam",
  year=1998,
  pages="54-75",}
@incollection{fraser1998discourse,
  author={Fraser, Bruce},
  title={Contrastive discourse markers},
  editor={Jucker, Andreas H. and Ziv, Yael},
  booktitle={Discourse markers: Descriptions and theory},
  publisher={John Benjamins Publishing},
  address={Amsterdam},
  year=1998,
  pages={54-75}
  }
@incollection{fuchs2016register,
  author={Fuchs, Robert},
  year={2016},
  title={Register variation in intensifier usage across Asian Englishes},
  editor={Pichler, Heike},
  booktitle={Discourse-Pragmatic Variation and Change: Insights from English},
  pages={185-213},
  address={Cambridge},
  publisher={Cambridge University Press}
}
@incollection{glynn2014manyusesofrun,
  title={The many uses of run: Corpus methods and Socio-Cognitive Semantics},
  author={Glynn, Dylan},
  booktitle={Corpus Methods for Semantics: Quantitative studies in polysemy and synonymy},
  editor={Glynn, Dylan and Robinson, Justyna A.},
  publisher={John Benjamins Publishing Company},
  address={Amsterdam \& Philadelphia},
  year={2014},
  pages={117-144}
  }
@incollection{goodwin2012emotion,
  title={Emotion as stance},
  author={Goodwin, Marjorie Harness and Cekaite, Asta and Goodwin, Charles and Tulbert, E},
  editor={Sorjonen, M.-L. and Perakyla, A.},
  booktitle={Emotion in interaction},
  pages={16-41},
  year={2012},
  publisher={Oxford University Press},
  address={Oxford}
  }
@incollection{Greenberg1963,
  address={Cambridge, Mass},
  author={Greenberg, Joseph H.},
  booktitle={Universals of Human Language},
  editor={Greenberg, Joseph H.},
  pages={73-113},
  publisher={MIT Press},
  title={Some Universals of Grammar with Particular Reference to the Order of Meaningful Elements},
  year={1963}
  }
@incollection{gries2010quantitativeapproaches,
  title={Quantitative approaches in usage-based Cognitive Semantics: Myths, erroneous assumptions, and a proposal},
  author={Gries, Stefan Th. and Divjak, Dagmar},
  booktitle={Quantitative Methods in Cognitive Semantics: Corpus-Driven Approaches},
  editor={Glynn, Dylan and Fischer, Kerstin},
  publisher={De Gruyter Mouton},
  address={Berlin \& New York},
  year={2010},
  pages={333-353}
  }
@incollection{gries2014frequency,
  title={Frequency tables: tests, effect sizes, and explorations},
  author={Gries, Stefan Thomas},
  editor={Glynn, Dylan and Robinson, Justyna},
  booktitle={Polysemy and synonymy: Corpus methods and applications in Cognitive Linguistics.},
  address={Amsterdam},
  pages={365-389},
  year={2014},
  publisher={John Benjamins}
  }
@incollection{gunthner2004grammaticalization,
  title={Grammaticalization vs. pragmaticalization? The development of pragmatic markers in German and Italian},
  author={G{\"u}nthner, Susanne and Mutz, Katrin},
  editor={Bisang, Walter and Himmelmann, Nikolaus P and Wiemer, Bj{\"o}rn},
  booktitle={What makes grammaticalization?: a look from its fringes and its components},
  year={2004},
  publisher={Walter de Gruyter},
  address={Berlin \& New York},
  pages={77-107}
  }
@incollection{guy2011class,
  title={Language, social class, and status},
  author={Guy, Gregory R},
  editor={Mesthrie, Rajend},
  booktitle={The Cambridge Handbook of Sociolinguistics},
  year={2011},
  publisher={Cambridge University Press},
  address={Cambridge},
  pages={159-185}
  }
@incollection{haeri1987male,
  title={Male/female differences in speech: an alternative interpretation},
  author={Haeri, Niloofar},
  editor={Denning, Keith M},
  booktitle={Variation in Language: NWAVE XV at Stanford},
  year={1987},
  publisher={Stanford University, Department of Linguistics},
  address={Stanford},
  pages={173-182}
  }
@incollection{harris1993grammar,
  author={Harris, John},
  year={1993},
  title={The grammar of Irish English},
  editor={Milroy, James and Milroy, Leslie},
  pages={139-186},
  booktitle={Real English: The Grammar of English Dialects in the British Isles},
  address={London \& New York},
  publisher={Longman}
  }
@incollection{hazen2010sociolinguistics,
  title={Sociolinguistics in the United States of America},
  author={Hazen, Kirk},
  editor={Ball, Martin J},
  booktitle={The Routledge Handbook of Sociolinguistics Around the World},
  year={2010},
  publisher={Routeledge},
  address={Abingdon (UK) \& New York},
  pages={7-24}
  }
@incollection{heine2002role,
  title={On the role of context in grammaticalization},
  author={Heine, Bernd},
  editor={Wischer, Ilse and Diewald, Gabriele},
  booktitle={New reflections on Grammaticalization},
  year={2002},
  volume={158},
  publisher={John Benjamins Publishing Company},
  address={Amsterdam \& Philadelphia},
  pages={83-102}
  }
@incollection{heine2003grammaticalization,
  title={Grammaticalization},
  author={Heine, Bernd},
  editor={Joseph, Brian D and Janda, Richard D},
  booktitle={The Handbook of Historical Linguistics},
  year={2003},
  publisher={Blackwell Publishing},
  address={Malden, MA; Oxford; Carlton},
  pages={575-601}
  }
@incollection{hickey2001language,
  author={Hickey, Raymond},
  title={Language Change},
  editor={Verschueren, Jef and Ã–stman, Jan-Ola and Blommaert, Jan},
  booktitle={Handbook of pragmatics},
  publisher={John Benjamins},
  address={Amsterdam \& Phildelphia, PA},
  year=2001,
  pages={1-35},}
@incollection{hilpert2006keeping,
  booktitle={Corpus-Based Approaches to Metaphor and Metonymy},
  editor={Stefanowitsch, Anatol and Gries, Stefan Th.},
  title={Keeping and eye on the data: Metonymies and their patterns},
  author={Hilpert, Martin},
  pages={123-151},
  year={2006},
  publisher={Mouton de Gruyter},
  address={Berlin \& New York}
  }
@incollection{himmelmann2004lexicalization,
  author={Himmelmann, Nikolaus P},
  year={2004},
  title={Lexicalization and grammaticization Opposite or orthogonal},
  editor={Bisang, Walter and Himmelmann, Nikolaus P. and Wiemer, BjÃ¶rn},
  booktitle={What makes Grammaticalization: A Look from its Components and its Fringes},
  address={Berlin},
  publisher={Mouton de Gruyter},
  pages={21-42}
  }
@incollection{hoffmann2009lexical,
  author={Hoffmann, Sebastian},
  title={Lexical Change},
  year={2009},
  editor={Culpeper, Jonathan and Katamba, Francis and Kerswill, Paul and Wodak, Ruth and McEnery, Tony},
  booktitle={English language: Description, variation and context},
  pages={286-300},
  publisher={Palgrave Macmillan},
  address={Basingstoke}
  }
@incollection{hogg1992phonology,
  author={Hogg, Richard},
  year={1992},
  title={Phonology and Morphology},
  editor={Hogg, Richard},
  booktitle={The Cambridge History of the English Language Volume I: The Beginnings to 1066},
  address={Cambridge},
  publisher={Cambridge University Press},
  pages={67-167}
  }
@incollection{hogg2006overview,
  author={Hogg, Richard and Denison, David},
  year={2006},
  title={Overview},
  editor={Hogg, Richard and Denison, David},
  booktitle={A History of the English Language},
  address={Cambridge},
  publisher={Cambridge University Press},
  pages={1-42}
  }
@incollection{holker1991partikel,
  author="H{\"o}lker, Klaus",
  title="Franz{\"o}sisch: Partikelforschung",
  editor="Holtus, G{\"u}nther and Metzeltin, Michael and Schmitt, Christian",
  booktitle="Lexikon der Romanistischen Linguistik",
  publisher="Max Niemeyer Verlag",
  address={T{\"u}bingen},
  volume={4},
  year={1991},
  pages={77-88}
  }
@incollection{holker1991partikel,
  author={H{\"o}lker, Klaus},
  title={Franz{\"o}sisch: Partikelforschung},
  editor={Holtus, G{\"u}nther and Metzeltin, Michael and Schmitt, Christian},
  booktitle={Lexikon der Romanistischen Linguistik},
  publisher={Max Niemeyer Verlag},
  address={T{\"u}bingen},
  volume={4},
  year={1991},
  pages={77-88}
  }
@incollection{hollmann2009grammatical,
  author={Hollmann, Willem B.},
  title={Grammatical Change},
  year={2009},
  editor={Culpeper, Jonathan and Katamba, Francis and Kerswill, Paul and Wodak, Ruth and McEnery, Tony},
  booktitle={English language: Description, variation and context},
  pages={314-333},
  publisher={Palgrave Macmillan},
  address={Basingstoke}
  }
@incollection{hollmann2009semantic,
  author={Hollmann, Willem B.},
  title={Semamic Change},
  year={2009},
  editor={Culpeper, Jonathan and Katamba, Francis and Kerswill, Paul and Wodak, Ruth and McEnery, Tony},
  booktitle={English language: Description, variation and context},
  pages={301-313},
  publisher={Palgrave Macmillan},
  address={Basingstoke}
  }
@incollection{jucker1998discourse,
  author="Jucker, Andreas H. and Ziv, Yael",
  title="Discourse markers: introduction",
  editor="Jucker, Andreas H. and Ziv, Yael",
  booktitle="Discourse markers: descriptions and theory",
  publisher="John Benjamins Publishing",
  address="Amsterdam \& Philadelphia, PA",
  year=1998,
  pages="1â€“-12",}
@incollection{jucker1998discourse,
  author={Jucker, Andreas H. and Ziv, Yael},
  title={Discourse markers: introduction},
  editor={Jucker, Andreas H. and Ziv, Yael},
  booktitle={Discourse markers: descriptions and theory},
  publisher={John Benjamins Publishing},
  address={Amsterdam \& Philadelphia, PA},
  year=1998,
  pages={1â€“-12},}
@incollection{katamba2009phonological,
  author={Katamba, Francis and Kerswill, Paul},
  title={Phonological Change},
  year={2009},
  editor={Culpeper, Jonathan and Katamba, Francis and Kerswill, Paul and Wodak, Ruth and McEnery, Tony},
  booktitle={English language: Description, variation and context},
  pages={259-285},
  publisher={Palgrave Macmillan},
  address={Basingstoke}
  }
@incollection{katamba2009segmental,
  author={Katamba, Francis},
  year={2009},
  title={Segmental Phonology},
  editor={Culperer, Jonathan and Katamba, Francis and Kerswill, Peter and Wodak, Ruth and McEnery, Tony},
  booktitle={English Language: Description, Variation and Context},
  address={Basingstoke},
  publisher={Palgrave MacMillan},
  pages={30-54}
  }
@incollection{kirk1992northern,
  title={The Northern Ireland transcribed corpus of speech},
  booktitle={New directions in English language corpora. methodology, results, software developments},
  author={Kirk, John},
  editor={Leitner, Gerhard},
  year={1992},
  publisher={Mouton de Gruyter},
  address={Berlin \& New York},
  pages={65-73}
  }
@incollection{kortmann2004global,
  title={Global synopsis: Morphological and syntactic variation in English},
  author={Kortmann, Bernd and Szmrecsanyi, Benedikt},
  editor={Kortmann, Bernd and Burridge, Kate and Mesthrie, Rajend and Schneider, Edgar W. and Upton, Clive},
  booktitle={A Handbook of Varieties of English. Volume 1: Phonology, Volume 2: Morphology and Syntax},
  year={2004},
  publisher={Mouton de Gruyter},
  address={Berlin \& New York},
  pages={1142-1202}
  }
@incollection{kortmann2004synopsis,
  author={Kortmann, Bernd},
  title={Synopsis: morphological and syntactic variation in the British Isles},
  editor={Kortmann, Bernd and Burridge, Kate and Mesthrie, Rajend and Schneider, Edgar W. and Upton,Clive},
  booktitle={A Handbook of Varieties of English. Volume 1: Phonology, Volume 2: Morphology and Syntax},
  publisher={Mouton de Gruyter},
  address={Berlin \& New York},
  year=2004,
  pages={1089-â€“1103}
  }
@incollection{kretzschmar2011region,
  author={Kretzschmar, William A. Jr.},
  year={2011},
  title={Language and region},
  editor={Mesthrie, Rajend},
  pages={186-202},
  booktitle={The Cambridge Handbook of Sociolinguistics},
  address={Cambridge},
  publisher={Cambridge University Press}
  }
@incollection{krug2001frequency,
  title={Frequency, iconicity, categorization: Evidence from emerging modals},
  author={Krug, Manfred G.},
  editor={Bybee, Joan and Hopper, Paul},
  booktitle={Freqeuncy and the emergence of linguistic structure},
  year={2001},
  pages={309-336},
  address={Amsterdam \& Philadelphia},
  publisher={John Benjamins}
  }
@incollection{labov1964stages,
  author={Labov, William},
  editor={Shuy, R.},
  year={1964},
  title={Stages in the acquisition of Standard English},
  booktitle={ Social Dialects and Language Learning},
  publisher={National Council of Teachers of English},
  address={Champaign, IL},
  pages={77-103}
  }
@incollection{labov1965mechanisms,
  author={Labov, William},
  editor={Kreidler, Charles W.},
  year={1965},
  title={On the Mechanism of Linguistic Change},
  booktitle={Report of the Sixteenth Annual Round Table Metting on Linguistics and Language Studies},
  publisher={Georgetown University Press},
  address={Washington, CD},
  pages={91-114}
  }
@incollection{lass1992phonology,
  author={Lass, Roger},
  year={1992},
  title={Phonology and Morphology},
  editor={Blake, Norman},
  booktitle={The Cambridge History of the English Language Volume II: 1066-1476},
  address={Cambridge},
  publisher={Cambridge University Press},
  pages={23-154}
  }
@incollection{lass1999phonology2,
  author={Lass, Roger},
  year={1999},
  title={Phonology and Morphology},
  editor={Lass, Roger},
  booktitle={The Cambridge History of the English Language Volume III: 1476-1776},
  address={Cambridge},
  publisher={Cambridge University Press},
  pages={56-186}
  }
@incollection{lass2006phonology,
  author={Lass, Roger},
  year={2006},
  title={Phonology and morphology},
  editor={Hogg, Roger and Denison, David},
  booktitle={A History of the English Language},
  address={Cambridge},
  publisher={Cambridge University Press},
  pages={43-108}
  }
@incollection{leech1992corpora,
  title={Corpora and theories of linguistic performance},
  author={Leech, Geoffrey},
  booktitle={Directions in corpus linguistics: proceedings of Nobel Symposium 82 Stockholm, 4-8 August 1991},
  pages={105-122},
  editor={ Svartvik, Jan},
  year={1992},
  publisher={Walter de Gruyter},
  address={Berlin \& New York}
  }
@incollection{lehmann1991grammaticalization,
  title={Grammaticalization and related changes in contemporary German},
  author={Lehmann, Christian},
  booktitle={Approaches to Grammaticalization},
  editor={Traugott, Elizabeth Closs and Heine, Bernd},
  volume={2},
  pages={493-535},
  year={1991},
  publisher={John Benjamins Publishing Company},
  address={Amsterdam \& Philadelphia}
  }
@incollection{lepage1998evolutionyntax,
  title={The Evolution of a Sociolinguistic Theory of Language},
  author={Le Page, R. B},
  editor={Coates, Jennifer},
  booktitle={Language and Gender: A Reader},
  year={1998},
  publisher={Blackwell},
  address={Oxford},
  pages={15-32}
  }
@incollection{lieven2006producing,
  title={Producing Multiword Utterances},
  author={Lieven, Elena},
  editor={Clark, Eve V. and Kelly, Barbara F.},
  booktitle={Constructions in Acquisition},
  year={2006},
  publisher={CSLI Publications},
  address={Stanford},
  pages={83-110}
  }
@incollection{liu2012survey,
  title={A survey of opinion mining and sentiment analysis},
  author={Liu, Bing and Zhang, Lei},
  booktitle={Mining text data},
  pages={415--463},
  year={2012},
  publisher={Springer}
}
@incollection{lorenz2002really,
  author={Lorenz, Gunter},
  year={2002},
  title={Really worthwhile or not really significant? A Corpus-Based Approach to the Delexicalization and Grammaticalization of Intensifiers in Modern English},
 booktitle={New Reflections on Grammaticalization}, 
 editor={Wischer, Isle and Diewald, Gabriele},
 pages={143–161},
 address={Amsterdam},
 publisher={John Benjamins}
}
@incollection{mair2004corpus,
  author={Mair, Christian},
  year={2004},
  title={Corpus linguistics and grammaticalisation theory. Statistics, frequencies and beyond},
  editor={Lindquist, Hans and Mair, Christian},
  booktitle={Corpus approaches to grammaticalization in English}, 
  pages={121–150},
  address={Amsterdam and Philadelphia},
  publisher={John Benjamins}
  }
@incollection{mair2009corpus,
  author={Mair, Christian},
  year={2009},
  title={Corpus linguistics meets sociolinguistics. Studying educated spoken usage in Jamaican on the basis of the International Corpus of English},
  editor={Hoffmann, Thomas and Siebers, Lucia},
  booktitle={World Englishes. Problems, Properties and Prospects},
  address={Amsterdam},
  publisher={John Benjamins Publishing Company},
  pages={39-60}
  }
@incollection{marsolek2003whatpriming,
  author={Chad J Marsolek},
  booktitle={What is priming and why?},
  editor={Bowers, Jeffrey S and Marsolek, Chad J},
  year={2003},
  booktitle={Rethinking implicit memory},
  publisher={Oxford University Press},
  address={Oxford},
  pages={2-22}
  }
@incollection{meyerhoff1998syntax,
  title={The syntax and semantics of olsem in Bislama},
  author={Meyerhoff, Miriam and Niedzielski, Nancy},
  editor={Pearson, Matthew},
  booktitle={Recent Papers in Austronesian Linguistics UCLA Occasional papers in Linguistics},
  year={1998},
  publisher={UCLA Department of Linguistics},
  address={Los Angeles},
  pages={235-243}
  }
@incollection{miller2004scottish,
  author="Miller, Jim",
  title="Scottish English: morphology and syntax",
  editor="Kortmann, Bernd and Burridge, Kate and Mesthrie, Rajend and Schneider, Edgar W. and Upton,Clive",
  booktitle="A Handbook of Varieties of English. Volume 1: Phonology, Volume 2: Morphology and Syntax",
  publisher="Mouton de Gruyter",
  address="Berlin \& New York",
  year=2004,
  pages={47â€“-72}
  }
@incollection{miller2004scottish,
  author={Miller, Jim},
  title={Scottish English: morphology and syntax},
  editor={Kortmann, Bernd and Burridge, Kate and Mesthrie, Rajend and Schneider, Edgar W. and Upton,Clive},
  booktitle={A Handbook of Varieties of English. Volume 1: Phonology, Volume 2: Morphology and Syntax},
  publisher={Mouton de Gruyter},
  address={Berlin \& New York},
  year=2004,
  pages={47â€“-72}
  }
@incollection{miller2009like,
  author="Miller, Jim",
  title="Like and other discourse markers",
  editor="Peters, Pam and Collins, Peter and Smith, Adam",
  booktitle="Comparative Studies in Australian and New Zealand English: Grammar and beyond",
  publisher="John Benjamins",
  address="Amsterdam \& New York",
  year=2009,
  pages="317-338",}
@incollection{miller2009like,
  author={Miller, Jim},
  title={Like and other discourse markers},
  editor={Peters, Pam and Collins, Peter and Smith, Adam},
  booktitle={Comparative Studies in Australian and New Zealand English: Grammar and beyond},
  publisher={John Benjamins},
  address={Amsterdam \& New York},
  year=2009,
  pages={317-338},}
@incollection{milroy1978belfast,
  title={Belfast: Change and variation in an urban vernacular},
  author={Milroy, James and Milroy, Lesley},
  booktitle={Sociolinguistic Patterns in British English},
  editor={Trudgill, Peter},
  pages={19-36},
  year={1978},
  publisher={Edward Arnold},
  address={London}
  }
@incollection{milroy2004language,
  author={Milroy, Lesley},
  year={2004},
  title={Language Ideologies and Linguistic Change},
  editor={Fought, Carmen},
  booktitle={Sociolinguistic Variation: Critical Reflections},
  address={New York \& Oxford},
  publisher={Oxford University Press},
  pages={161-â€“77}
  }
@incollection{montgomery2007variation,
  author={Montgomery, Michael},
  title={Variation and historical linguistics},
  year={2007},
  editor={Bayley, Robert and Lucas, Cecil},
  booktitle={Sociolinguistic Variation - Theories, Methods, and Applications},
  pages={110-132},
  publisher={Cambridge University Press},
  address={Cambridge}
  }
@incollection{moravcsik1978language,
  title={Language contact},
  author={Moravcsik, Edith A},
  editor={Greenberg, Joseph H},
  booktitle={Universals of human language},
  volume={1},
  year={1978},
  publisher={University of Stanford Press},
  address={Stanford, CA},
  pages={93-122}
  }
@incollection{mufwene2010globalization,
  title={Globalization, global English, and world English (es): Myths and facts},
  author={Mufwene, Salikoko S},
  booktitle={The handbook of language and globalization},
  editor={Coupland, Nikolas},
  year={2010},
  publisher={Wiley-Blackwell},
  address={Malden, MA},
  pages={31-55}
  }
@incollection{nevalainen2006historical,
  author={Nevalainen, Terttu},
  year={2006},
  title={Historical Sociolinguistics and Language Change},
  editor={van Kemenade, Ans and Los, Bettelou},
  booktitle={The Handbook of the History of English},
  pages={558-588},
  address={Malden, MA; Oxford; Carlton},
  publisher={Blackwell Publishing}
  }
@incollection{ochs1979planned,
  title={Planned and Unplanned Discourse in Discourse and Syntax.},
  author={Ochs, Elinor},
  editor={GivÃ³n, Talmy},
  booktitle={Syntax and Semantics. Vol. 12: Discourse and syntax},
  volume={12},
  pages={51-80},
  year={1979},
  publisher={Academic Press},
  address={New York}
  }
@incollection{orouke2007models,
  author={O'Rourke, B.},
  year={2007},
  title={Models of telecollaboration (1): eTandem},
  editor={O'Dowd, R.},
  booktitle={Online intercultural exchange: An introduction for foreign language teachers},
  volume={15},
  pages={41-61},
  address={Clevedon},
  publisher={Multilingual Matters}
  }
@incollection{ostman1982symbiotic,
  title={The Symbiotic Relationship between Pragmatic Particles and Impromptu Speech},
  author={{\"O}stman, Jan-Ola},
  booktitle={Impromptu speech: A symposium},
  editor={Enkvist, Nils Erik},
  year={1982},
  publisher={Abo Akademi},
  address={Abo},
  pages={147-177}
  }
@incollection{ostman1995pragmatic,
  title={Pragmatic particles twenty years after},
  author={{\"O}stman, Jan-Ola},
  booktitle={Organization in discourse: Proceeding from the Turku Conference},
  editor={Warvik, Brita and Tansbnen, Sanna-Kaisa and Hiltunen, Risto},
  pages={95-108},
  year={1995},
  publisher={University of Turku},
  address={Turku}
  }
@incollection{plag2002restrictions,
  title={The role of selectional restrictions, phonotactics and parsing in constraining suffix ordering in English},
  author={Plag, Ingo},
  booktitle={Yearbook of Morphology 2001},
  editor={Booij, Geert and van Marle, Jaap},
  pages={285-314},
  year={2002},
  publisher={Kluver Academic Publishers},
  address={Great Britain}
  }
@incollection{roberts2008child,
  title={Child language variation},
  author={Roberts, Julie},
  booktitle={The Handbook of Language Variation and Change},
  editor={Chambers, Jack K. and Trudgill, Peter and Schilling-Estes, Natalie},
  pages={252-263},
  year={2008},
  publisher={Blackwell},
  address={Oxford}
  }
@incollection{romaine1978postvocalic,
  author={Romaine, Suzanne},
  title={Postvocalic /r/ in Scottish English: Sound change in progress},
  editor={Trudgill, Peter},
  booktitle={Sociolinguistic Patterns in British English},
  publisher={University Park Press},
  address={Baltimore, MD},
  year=1978,
  pages={144-157}
  }
@incollection{romaine2005histsoz,
  author={Romaine, Suzanne},
  title={Historical sociolinguistics. Historische Soziolinguistik},
  editor={Trudgill, Peter and Ammon, Ulrich and Dittmar, Norbert and Mattheier, Klaus J.},
  booktitle={Sociolinguistics/ Soziolinguistik. An International Handbook of the Science of Language and Society/ Ein Internationales Handbuch Zur Wissenschaft Von Sprache Und Gesellschaft},
  publisher={Mouton de Gruyter},
  address={Berin \& New York},
  year=2005,
  pages={1696-1703}
  }
@incollection{romaine2006global,
  author={Romaine, Suzanne},
  year={2006},
  title={Global English: From Island Tongue to World Language},
  editor={van Kemenade, Ans and Los, Bettelou},
  booktitle={The Handbook of the History of English},
  pages={589-607},
  address={Malden, MA; Oxford; Carlton},
  publisher={Blackwell Publishing}
  }
@incollection{ross1979like,
  author={Ross, John Robert and Cooper, William E.},
  title={Like syntax},
  editor={Cooper, William E. and Walker, Edward C. T.},
  booktitle={Sentence Processing: Psycholinguistic Studies Presented to Merrill Garrett},
  publisher={Erlbaum Associates},
  address={New York},
  year=1979,
  pages={343-418},}
@incollection{sankoff2004adolescentes,
  author={Sankoff, Gillian},
  year={2004},
  title={Adolescentes, young adults and the critical period: Two case studies from â€˜Seven Up'},
  editor={Fought, Carmen},
  booktitle={Sociolinguistic variation: Critical Reflections},
  address={Oxford},
  publisher={Oxford University Press},
  pages={638-668}
  }
@incollection{schiffrin2001discourse,
  author={Schiffrin, Deborah},
  title={Discourse markers: language, meaning, and context},
  editor={Schiffrin, Deborah and Tannen, Deborah and Hamilton, Heidi E.},
  booktitle={The handbook of discourse analysis},
  publisher={Blackwell Publishers Ltd},
  address={Malden, MA \& Oxford},
  year=2001,
  pages={54-75},}
@incollection{schiffrin2001discourse,
  author={Schiffrin, Deborah},
  title={Discourse markers: language, meaning, and context},
  editor={Schiffrin, Deborah and Tannen, Deborah and Hamilton, Heidi E.},
  booktitle={The handbook of discourse analysis},
  publisher={Blackwell Publishers Ltd},
  address={Malden, MA \& Oxford},
  year=2001,
  pages={54-75}
  }
@incollection{schilling1999reshaping,
  title={Reshaping economies, reshaping identities: Gender-based patterns of language variation in Ocracoke English},
  author={Schilling-Estes, Natalie},
  booktitle={Engendering Communication: Proceedings of the Fifth Berkeley Women and Language Conference},
  editor={Wertheim, Suzanne and Bailey, Ashlee C. and Corston-Oliver, Monica},
  pages={509-520},
  year={1999},
  publisher={Berkeley Women and Language Group},
  address={Berkeley, CA}
  }
@incollection{schilling2011gender,
  title={Language, gender, and sexuality},
  author={Schilling, Natalie},
  editor={Mesthrie, Rajend},
  booktitle={The Cambridge Handbook of Sociolinguistics},
  year={2011},
  publisher={Cambridge University Press},
  address={Cambridge},
  pages={218-237}
  }
@incollection{schneider2004synopsis,
  author="Schneider, Edgar W.",
  title="Synopsis: morphological and syntactic variation in the Americas and the Caribbean",
  editor="Kortmann, Bernd and Burridge, Kate and Mesthrie, Rajend and Schneider, Edgar W. and Upton,Clive",
  booktitle="A Handbook of Varieties of English. Volume 1: Phonology, Volume 2: Morphology and Syntax",
  publisher="Mouton de Gruyter",
  address="Berlin \& New York",
  year=2004,
  pages={1104-1115}
  }
@incollection{schneider2004synopsis,
  author={Schneider, Edgar W.},
  title={Synopsis: morphological and syntactic variation in the Americas and the Caribbean},
  editor={Kortmann, Bernd and Burridge, Kate and Mesthrie, Rajend and Schneider, Edgar W. and Upton,Clive},
  booktitle={A Handbook of Varieties of English. Volume 1: Phonology, Volume 2: Morphology and Syntax},
  publisher={Mouton de Gruyter},
  address={Berlin \& New York},
  year=2004,
  pages={1104-1115}
  }
@incollection{schweinberger2012irish,
  author={Schweinberger, Martin},
  title={A Variational Approach towards Discourse Marker LIKE in Irish English},
  editor={Migge, Bettina and Ni Chiosain, Maire},
  booktitle={New Perspectives on Irish English},
  publisher={John Benjamins},
  address={Amsterdam \& New York},
  year=2012,
  pages={179-201},}
@incollection{schweinberger2012irish,
  author={Schweinberger, Martin},
  title={A Variational Approach towards Discourse Marker LIKE in Irish English},
  editor={Migge, Bettina and Ni Chiosain, Maire},
  booktitle={New Perspectives on Irish English},
  publisher={John Benjamins},
  address={Amsterdam \& New York},
  year=2012,
  pages={179-201}
  }
@incollection{schweinberger2013like,
  author={Schweinberger, Martin},
  title={A Sociolinguistics Analysis of Discourse Marker LIKE in Northern Ireland. A Look behind the Scenes of Quantitative Reasoning},
  editor={Bieswanger,Markus and Koll-Stobbe, Amei},
  booktitle={New Approaches to the Analysis of Linguistic Variability},
  publisher={Peter Lang International Academic Publishing},
  address={Frankfurt a.M.},
  year=2013,
  pages={13-39}}
@incollection{schweinberger2018methods,
  author={Schweinberger, Martin},
  title={Using Semantic Vector Space Models to investigate lexical replacement –
a corpus based study of ongoing changes in intensifier systems},
  editor={Asahi, Yoshiyuki},
  booktitle={Proceedings of Methods in Dialectology XVI},
  publisher={NA},
  address={NA},
  year={sub.},
  pages={NA}}
@incollection{schweinberger2018icame,
  author={Schweinberger, Martin},
  title={Using intensifier-adjective collocations to determine mechanisms of
change},
  editor={Warnke,Ingo  and Busse, Beatrix},
  booktitle={Variation in Time and Space: Observing
the World through Corpora},
  publisher={NA},
  address={NA},
  year={sub.},
  pages={NA}}

@incollection{siemund2009toward,
  author="Siemund, Peter and Maier, Georg and Schweinberger, Martin",
  title="Towards a more ne-grained analysis of the areal distributions of non-standard features of English",
  editor="Pentitil{\"a}, Esa and Paulasto, Heli",
  booktitle="Language Contacts Meet English Dialects: Studies in Honour of Markku Filppula",
  publisher="Cambridge Scholars Publishing",
  address="Newcastle-upon-Tyne",
  year=2009,
  pages="19-45",}
@incollection{siemund2009toward,
  author={Siemund, Peter and Maier, Georg and Schweinberger, Martin},
  title={Towards a more ne-grained analysis of the areal distributions of non-standard features of English},
  editor={Pentitil{\"a}, Esa and Paulasto, Heli},
  booktitle={Language Contacts Meet English Dialects: Studies in Honour of Markku Filppula},
  publisher={Cambridge Scholars Publishing},
  address={Newcastle-upon-Tyne},
  year=2009,
  pages={19-45},}
@incollection{singh1996productivity,
  title={Productivity, Regularity and Fusion: How language use affects the lexicon},
  author={Bybee, Joan},
  pages={247-269},
  booktitle={Trubetzkoy's Orphan. Proceedings of the Montreal Roundtable Morphology: Contemporary responses},
  editor={Singh, Rajendra},
  publisher={John Benjamins Publishing Company},
  address={Amsterdam \& New York},
  year={1996}
  }
@incollection{stefanowitsch2006corpusbased,
  booktitle={Corpus-Based Approaches to Metaphor and Metonymy},
  editor={Stefanowitsch, Anatol and Gries, Stefan Th.},
  title={Words and their metaphors: A corpus-based approach},
  author={Stefanowitsch, Anatol},
  pages={63-105},
  year={2006},
  publisher={Mouton de Gruyter},
  address={Berlin \& New York}
  }
@incollection{stefanowitsch2010empirical,
  title={Empirical cognitive semantics: Some thoughts},
  author={Stefanowitsch, Anatol},
  editor={Glynn, Dylan and Fischer, Kerstin},
  volume={46},
  publisher={Walter de Gruyter},
  booktitle={Quantitative Cognitive Semantics: Corpus-driven approaches},
  pages={355-380},
  year={2010}
  }
@incollection{sture1989contact,
  author="Sture Urleand, P.",
  title="Some contact structures in Scandinavian, Dutch and Raeto-Romansh: inner-linguistic and/or contact causes of language change",
  editor="Breivik, Leiv Egil and Jahr, Ernst HÃ¥kon",
  booktitle="Language change: contributions to the study of its causes",
  publisher="Mouton de Gruyter",
  address="Berlin \& New York",
  year=1989,
  pages="239-276",}
@incollection{sture1989contact,
  author={Sture Urleand, P.},
  title={Some contact structures in Scandinavian, Dutch and Raeto-Romansh: inner-linguistic and/or contact causes of language change},
  editor={Breivik, Leiv Egil and Jahr, Ernst HÃ¥kon},
  booktitle={Language change: contributions to the study of its causes},
  publisher={Mouton de Gruyter},
  address={Berlin \& New York},
  year=1989,
  pages={239-276},}
@incollection{svartvik1979well,
  title={Well in conversation},
  author={Svartvik, Jan},
  booktitle={Studies in English Linguistics for Randolph Quirk},
  editor={Greenbaum, Sidney and Leech, Geoffrey and Svartvik, Jan},
  year={1979},
  publisher={Longman},
  address={London \& New York},
  pages={167-177}
  }
@incollection{takamiya2013blogging,
  author={Takamiya, Y. and Ishihara, N.},
  year={2013},
  title={Blogging: Crosscultural interaction for pragmatic development},
  editor={Taguchi, N. and Sykes, J. M.},
  booktitle={Technology in Interlanguage Pragmatics Research and Teaching},
  address={Amsterdam \& Philadelphia},
  publisher={John Benjamins Publishing Company}
  }
@incollection{traugott1982from,
  title={From prepositional to textual to expressive meanings: Some semanticpragmatic aspects of grammaticalization},
  author={Traugott, Elizabeth Closs},
  booktitle={Perspectives on Historical Linguistics},
  editor={Lehmann, Winfred and Malkiel, Yakov},
  pages={245-271},
  year={1982},
  publisher={John Benjamins Publishing Company},
  address={Amsterdam}
  }
@incollection{traugott1991semantics,
  title={The semantics-pragmatics of grammaticalization revisited},
  author={Traugott, Elizabeth Closs and K{\"o}nig, Ekkehard},
  booktitle={Approaches to Grammaticalization},
  editor={Traugott, Elizabeth Closs and Heine, Bernd},
  pages={189-218},
  year={1991},
  publisher={John Benjamins Publishing Company},
  address={Amsterdam \& Philadelphia}
  }
@incollection{traugott1999rhetoric,
  title={The rhetoric of counter-expectation in semantic change: a study in subjectification},
  author={Traugott, Elizabeth Closs},
  booktitle={Historical semantics and cognition},
  editor={Blank, Andreas and Koch, Peter},
  pages={1-12},
  year={1999},
  publisher={Walter de Gruyter},
  address={Berlin}
  }
@incollection{trudgill1975sexcovert,
  author={Trudgill, Peter},
  year={1975},
  title={Sex, covert prestige and linguistic change in the urban British English of Norwich},
  editor={Thorne, Barrie and Henley, Nancy},
  booktitle={Language and sex: Difference and dominance},
  pages={88-104},
  address={Rowley, MA},
  publisher={Newbury House}
  }
@incollection{weinreich1968empirical,
  title={Empirical Foundations for a Theory of Language Change},
  author={Weinreich, Uriel and Labov, William and Herzog, Marvin I},
  editor={Lehmann, W. P. and Malkiel, Y},
  booktitle={Directions for Historical Linguistics},
  pages={95-195},
  publisher={University of Texas Press},
  address={Austin, TX},
  year={1968}
  }
@incollection{wilkinson2012grammar,
  title={The grammar of graphics},
  author={Wilkinson, Leland},
  booktitle={Handbook of Computational Statistics},
  pages={375--414},
  year={2012},
  publisher={Springer}
}
@incollection{williams1999dialect,
  author={Williams, Angie and Garrett, Peter and Coupland, Nikolas},
  year={1999},
  title={Dialect recognition},
  editor={Preston, Dennis},
  booktitle={Handbook of Perceptual Dialectology},
  address={Philadelphia \& Amsterdam},
  publisher={John Benjamins Publishing Company},
  pages={345-359}
  }
@incollection{wodak1998gender,
  author={Wodak, Ruth and Benke, Gertraud},
  year={1998},
  title={Gender as a Sociolinguistic variable: New Perspectives on Variation studies},
  editor={Coulmas, Florian},
  booktitle={The Handbook of Sociolinguistics},
  pages={127-150},
  address={Oxford},
  publisher={Blackwell}
  }
@incollection{wolfram2003dialectology,
  title={Dialectology and Linguistic Diffusion},
  author={Wolfram, Walt and Schilling-Estes, Natalie},
  editor={Joseph, Brian D and Janda, Richard D},
  booktitle={The Handbook of Historical Linguistics},
  year={2003},
  publisher={Blackwell Publishing},
  address={Malden, MA; Oxford; Carlton},
  pages={713-735}
  }
@incollection{wulff2007brutal,
  title={Brutal Brits and persuasive Americans},
  author={Wulff, Stefanie and Stefanowitsch, Anatol and Gries, Stefan Th},
  editor={Radden, G{\"u}nther and KÃ¶pcke, Klaus-Michel and Berg, Thomas and Siemund, Peter},
  booktitle={Aspects of Meaning Construction},
  address={Amsterdam},
  publisher={John Benjamins},
  pages={265-81},
  year={2007}
  }
@inproceedings{denis2013canadianeh,
  author={Denis, Derek},
  title={The spcial meaning of \textit{eh}in Canadian English},
  booktitle={Proceedings of the 2013 annual conference of the Canadian Linguistics Association},
  year={2013}
  }
@inproceedings{givon1971historical,
  title={Historical syntax and synchronic morphology: an archaeologist's field trip},
  author={Giv{\'o}n, Talmy},
  booktitle={Chicago Linguistic Society},
  volume={7},
  pages={394-415},
  year={1971}
  }
@inproceedings{givon1971historical,
  title={Historical syntax and synchronic morphology: an archaeologist's field trip},
  author={Giv{'o}n, Talmy},
  booktitle={Chicago Linguistic Society},
  volume={7},
  pages={394-415},
  year={1971}
  }
@inproceedings{gold2005canadian,
  title={Canadian eh?: A survey of contemporary use},
  author={Gold, Elaine},
  booktitle={Proceedings of the 2004 Canadian Linguistics Association Annual Conference},
  year={2005}
  }
@inproceedings{hovy1995multifunctionality,
  title={The multifunctionality of discourse markers},
  author={Hovy, Eduard H},
  booktitle={Proceedings of the Workshop on Discourse Markers},
  pages={1-11},
  year={1995},
  organization={Citeseer}
  }
@inproceedings{schleef2004gender,
  title={Gender, power, discipline, and context: on the sociolinguistic variation of okay, right, like, and you know in English academic discourse},
  author={Schleef, Erik},
  booktitle={Proceedings of the Twelfth Annual symposium about Language and Society-Austin},
  year={2004},
  pages={177-186}
  }
@manual{lme42014manual,
  title={{lme4}: Linear mixed-effects models using Eigen and S4},
  author={Douglas Bates and Martin Maechler and Ben Bolker and Steven Walker},
  year={2014},
  note={R package version 1.1-7},
  url={http://CRAN.R-project.org/package=lme4}
  }
@misc{atlantic2018psychology,
  title={Psychology’s Replication Crisis Is Running Out of Excuses. Another big project has found that only half of studies can be repeated. And this time, the usual explanations fall flat},
  author={Yong, Ed},
  year={2018},
  date={19/11/2018},
  url={https://www.theatlantic.com/science/archive/2018/11/psychologys-replication-crisis-real/576223/}
  }
@misc{anonacousticch2,
  author={Anon},
  title={Chapter 2. Acoustic Analysis of Vowels},
  organization={The Hong Kong Institute of Education},
  url={http://ec-concord.ied.edu.hk/phonetics_and_phonology/wordpress/learning_website/chapter_2_vowels_new.htm},
  year={2015}
  }
@misc{anonacousticch4,
  author={Anon},
  title={Chapter 4. Prosodic analysis with Praat},
  organization={The Hong Kong Institute of Education},
  url={http://ec-concord.ied.edu.hk/phonetics_and_phonology/wordpress/learning_website/chapter_4_prosodic_analysis_new%281%29.htm},
  year={2015}
  }
@misc{bartlett2013oh,
  title={'Oh I Just Talk Normal Like'. A Corpus-Based, Longitudinal Study of Constituent-Final Like in Tyneside English},
  author={Bartlett, Joanne},
  year={2013},
  howpublished={Newcastle Working Papers in Linguistics},
  note={http://www.ncl.ac.uk/linguistics/assets/documents/1.Bartlett_NWPL.pdf}
  }
@Misc{bates2014lme4article,
  title={{lme4}: Linear mixed-effects models using Eigen and S4},
  year={2014},
  author={Douglas Bates and Martin Maechler and Benjamin M. Bolker and Steven Walker},
  note={ArXiv e-print; submitted to \emph{Journal of Statistical Software}},
  url={http://arxiv.org/abs/1406.5823},}
@misc{bates2014lme4article,
  title={{lme4}: Linear mixed-effects models using Eigen and S4},
  year={2014},
  author={Douglas Bates and Martin Maechler and Benjamin M. Bolker and Steven Walker},
  note={ArXiv e-print; submitted to emph{Journal of Statistical Software}},
  url={http://arxiv.org/abs/1406.5823},}
@misc{bernstein1991island,
  title={The Island That Conquered England, Eh?},
  author={Bernstein, Cynthia},
  year={1991},
  publisher={JSTOR}
  }
  @misc{breheny2013visualization,
  title={Visualization of regression models using visreg},
  author={Breheny, Patrick and Burchett, Woodrow},
  howpublished={R package},
  pages={1--15},
  year={2013}
}

@misc{buchstaller2001he,
  title={He goes and I'm like: The new quotatives re-visited},
  author={Buchstaller, Isabelle},
  howpublished={Internet Proceedings of the University of Edinburgh Postgraduate Conference},
  note={http://www.ling.ed.ac.uk/~pgc/archive/2002/proc02/buchstaller02.pdf},
  year={2001}
  }
@misc{cedergren1984panama,
  author={Cedergren, Henrietta},
  year={1984},
  title={Panama Revisited: Sound Change in Real Time},
  howpublished={Paper presented at NWAVE X},
  note={Philadelphia}
  }
@misc{columbus2009like,
  author={Columbus, Georgie},
  year={2009},
  title={Irish like as an invariant tag: evidence from ICE-Ireland},
  howpublished={Paper presented at the AACL 2009 (American Association for Corpus Linguistics)},
  note={October 9th 2009 in Edmonton, Alberta, Canada}
  }
@misc{croucher2004online,
  author={Croucher, Stephen M},
  year={2004},
  title={Like, You Know, What I'm Saying: A Study of Discourse Marker Frequency in Extemporaneous and Impromptu Speaking},
  note={http://cas.bethel.edu/dept/comm/nfa/journal/vol22no2-3.pdf}
  }
@misc{diamond2000like,
  title={Like It or Not, 'Like' Is Probably Here to Stay. You may call it 'Valley Girl' slang. Academics link the all-purpose verbal space filler with Americans' adolescent joy in sounding inarticulate},
  author={Diamond, S},
  howpublished={Los Angeles Times},
  year={2000},
  month={August 21st},
  note={http://articles.latimes.com/2000/aug/21/news/cl-7683/}
  }
@misc{dion2007linguistic,
  author={Dion, Nathalie and Poplack, Shana},
  title={Linguistic mythbusting: The role of the media in diffusing change},
  organization={Paper presented at the NWAVE},
  number={36},
  year={2007}
  }
@misc{dion2007linguistic,
  author={Dion, Nathalie and Poplack, Shana},
  title={Linguistic mythbusting: The role of the media in diffusing change},
  organization={Paper presented at the NWAVE},
  number=36,
  year={2007}
  }
@misc{fivethirtyeight2018replication,
  title={Psychology’s Replication Crisis Has Made The Field Better},
  author={Aschwanden, Christie},
  year={2018},
  date={6/12/2018},
  url={https://fivethirtyeight.com/features/psychologys-replication-crisis-has-made-the-field-better/}
  }
@misc{wals2013wals,
  author={Dryer, Matthew S. and Haspelmath, Martin},
  year = {2013},
  title={The World Atlas of Language Structures Online},
  organization={Max Planck Institute for Evolutionary Anthropology},
  address={Leipzig},
  note={http://wals.info}
  } 

@misc{evert2018lexsem,
  author={Evert, Stefan},
  year = {2018},
  title={V14. Lexikalische Semantik},
  organization={Professur für Korpuslinguistik, Studienfach Linguistische Informatik},
  address={Erlangen-Nürnberg},
  note={https://www.youtube.com/watch?v=kZRBR89Uwhc\&t=4645s}
  } 
@misc{fleischman1999pragmatic,
  author={Fleischman, Suzanne},
  title={Pragmatic markers in comparative perspective: A contribution to cross-language pragmatics},
  howpublished={Paper presented at the PRAGMA99},
  month={June},
  address={Tel Aviv},
  year={1999}
  }
@misc{girdwood2019filmgenres,
  author={Girdwood, Andrew},
  title={The rise and fall of film genres},
  journal={Geeknative},
  year={2019},
  note={https://www.geeknative.com/64459/the-rise-and-fall-of-film-genres/}
  }
@misc{gonzales2004social,
  author={Gonzales, Andrew},
  year={2004},
  title={The social dimension of Philippine English},
  editor={Bautista, Maria Lourdes S. and Bolton, Kingsley},
  pages={7-â€“16},
  booktitle={Philippine English: tensions and transitions},
  howpublished={Special Issue of World Englishes},
  volume={23},
  number={1}
  }
@misc{gorman2009varbrul,
  title={On VARBRUL-or, The Spirit of '74},
  author={Gorman, Kyle},
  note={http://ling. auf. net/lingBuzz/001080},
  year={2009}
  }
@misc{grandjean2015shakespeare,
  author={Grandjean, Martin},
  year={2015},
  title={Network visualization: mapping Shakespeare’s tragedies},
  note={http://www.martingrandjean.ch/network-visualization-shakespeare/}
  }

@misc{gries2009bigrams,
  title={Bigrams in registers, domains, and varieties: a bigram gravity approach to the homogeneity of corpora},
  author={Gries, Stefan Th.},
  editor={Mahlberg, Michaela and Gonzalez-Diaz, Victorina and Smith, Catherine},
  howpublished={Proceedings of the Corpus Linguistics Conference CL2009, University of Liverpool, UK, 20-23 July 2009},
  year={2009},
  url={https://www.google.de/url?sa=t&rct=j&q=&esrc=s&source=web&cd=1&ved=0ahUKEwiM3YTShPrLAhXI2SwKHVeHCF0QFggdMAA&
  url=http%3A%2F%2Fucrel.lancs.ac.uk%2Fpublications%2Fcl2009%2F404_FullPaper.doc&usg=AFQjCNFccpr_S3HE6zmS08mCFfu7tDn2KQ&sig2=pr2zacxuO3vo35UKbmKZRg&cad=rja}
  }
@misc{gross2009like,
  author={Gross, Thomas},
  year={2009},
  title={Bedeutende Laute. Na, ja und so: Linguisten diskutieren {\"u}ber Interjektionen},
  howpublished={Frankfurter Allgemeine Zeitung},
  month={March}
  }
@misc{heim2014particles,
  author={Heim, Johannes and Keupdjio, Hermann and Lam, Zoe Wai-Man and Osa-G{\'o}mez, Adriana and Wiltschko, Martina},
  year={2014},
  title={How to do things with particles},
  howpublished={Proceedings of the 2014 annual conference of the Canadian Linguistic Association},
  note={http://syntaxofspeechacts.linguistics.ubc.ca/wp-content/uploads/2014/02/heim-et-al-cla-2014-proceedings.pdf}
  }
@misc{icecan,
  author={Newman, John and Columbus, Georgie},
  year={2010},
  title={ICE-Canada. The Canadian Component of the International Corpus of English. First release},
  note={http://ice-corpora.net/ice/download.htm}
  }
@misc{iceire,
  author={Kirk, John M. and Kallen, Jeffrey L.},
  title={ICE Ireland 1.2.2},
  year={2008},
  note={http://www.qub.ac.uk/sites/ICE-Ireland/}
  }
@misc{icenz,
  title={The New Zealand Component of the International Corpus of English (ICE-NZ)},
  author={Bauer, Laurie and Bell, Allan and Britain, David and Kennedy, Graeme and Lane, Chris and Meyerhoff, Miriam and Stubbe, Maria},
  publisher={Victoria University of Wellington},
  address={Wellington, NZ},
  year={1999}
  }
@misc{jockers2017postdonqujiote,
  author={Jockers, Matthew L.},
  year={2017},
  title={Syuzhet 1.0.4 now on CRAN},
  note={http://www.matthewjockers.net/2017/12/16/syuzhet-1-0-4/}
  }
@misc{jockers2015package,
  title={Package 'syuzhet'},
  author={Jockers, Matthew},
  year={2015},
  url={https://github.com/mjockers/syuzhet},
  note={access 2016/02/15}
  }
@misc{johnson1998like,
  title={Correspondence/Duh; Today's Kids Are, Like, Killing the Language. Yeah, Right},
  author={Johnson, Kirk},
  howpublished={The New York Times},
  year={1998},
  month={August 9th}
  }
@misc{johnson2010fitting,
  author={Johnson, Daniel Ezra},
  year={2010},
  title={Why step-wise isn't so wise},
  howpublished={Paper presented at NWAV 39 ("New" New Ways of Analyzing Variation)},
  note={San Antonio, TX, November 4th-6th, 2010}
  }
@misc{johnson2010getting,
  author={Johnson, Daniel Ezra},
  year={2010},
  title={Why step-wise isn't so wise},
  howpublished={Paper presented at NWAV 39 ("New" New Ways of Analyzing Variation)},
  note={San Antonio, TX, November 4th-6th, 2010}
  }
@misc{johnson2010progress,
  title={Progress in regression: why sociolinguistic data calls for mixed-effects models},
  author={Johnson, Daniel Ezra},
  note={Unpublished manuscript},
  year={2010}
  }
  @misc{joyce2018sentiment,
  title={Sentiment Analysis of Tweets for the 2016 US Presidential Election},
  author={Joyce, Brandon and Deng, Jing},
  url={https://www.uncg.edu/cmp/faculty/j_deng/papers/sentiment_urtc17.pdf},
  year={2018}
}
@misc{kortmann2011atlas,
  author={Kortmann, Bernd and Lunkenheimer, Kerstin},
  year={2011},
  title={The electronic World Atlas of Varieties of English [eWAVE]},
  address={Leipzig},
  publisher={Max Planck Institute for Evolutionary Anthropology},
  note={http://www.ewave-atlas.org/}
  }
@misc{kroch2000ppcme,
  author={Kroch, Anthony and Taylor, Ann},
  year={2000},
  title={The Penn-Helsinki Parsed Corpus of Middle English (PPCME2)},
  publisher={Department of Linguistics, University of Pennsylvania},
  note={CD-ROM, second edition, release 4},
  url={http://www.ling.upenn.edu/ppche-release-2016/PPCME2-RELEASE-4}
  }
@misc{labov2002driving,
  author={Labov, William},
  title={Driving forces in linguistic change},
  howpublished={Paper presented at the International Conference on Korean Linguistics},
  year={2002},
  note={http://www.ling.upenn.edu/~wlabov/Papers/DFLC.htm}
  }
@misc{lehmann1982thoughts,
  title={Thoughts on grammaticalization},
  author={Lehmann, Christian},
  year={1982}, school={Seminar f{\"u}r Sprachwissenschaft der Universit{\"a}t Erfurt},
  url={http://www.scribd.com/doc/24853253/Thoughts-on-grammaticalization-Christian-Lehmann}
  }
@misc{levey1999like,
  title={It's, like, an answer to like addiction},
  author={Levey, Bob},
  howpublished={The Washington Post},
  year={1999},
  month={September}
  }
@misc{mayer2012praat,
  author={Mayer, J{\"o}rg},
  title={Phonetische Analysen mit Praat. Ein Handbuch f{\"u}r Ein- und Umsteiger},
  year={2012},
  url={http://praatpfanne.lingphon.net/}
  }
@misc{mehren1999like,
  title={Colleagues, like, focus on speech},
  author={Mehren, Elizabeth},
  howpublished={The Los Angeles Times},
  year={1999},
  month={March 22nd}
  }
@misc{noba2019replication,
  title={The Replication Crisis in Psychology},
  author={Diener, Edward and Biswas-Diener, Robert},
  year={2019},
  url={https://nobaproject.com/modules/the-replication-crisis-in-psychology}
  }
@misc{osmers2008like,
  title={LIKE it's versatile},
  author={Osmers-Gordon, Elisabeth},
  howpublished={The Press},
  year={2008},
  month={November 8th}
  }
@misc{peters2008like,
  title={Language: Like, Yikes! The misunderstood word like is not just for teens or women},
  author={Peters, Mark},
  howpublished={Psychology Today},
  year={2008},
  month={May 1st}
  }
@misc{petersen2004like,
  author={Petersen, A},
  year={2004},
  title={It's, Like, Taking over the Entire Planet: Young Adults Abandon the Speech Crutch LIKE},
  howpublished={Wall Street Journal},
  month={February 9th}
  }
@misc{pew2018mixed,
  author={Pew Research Center},
  date={8/12/2017},
  year={2017},
  title={Mixed Messages about Public Trust in Science},
  url={https://www.pewresearch.org/science/2017/12/08/mixed-messages-about-public-trust-in-science/}
  }
@misc{physorg2018replication,
  title={Researcher discusses the the science replication crisis},
  author={Velasco, Emily},
  year={2019},
  date={21/11/2019},
  url={https://phys.org/news/2018-11-discusses-science-replication-crisis.html}
  }
@misc{praat,
  author={Boersma, Paul and Weenink, David},
  year={2016},
  title={Praat: doing phonetics by computer [Computer program]. Version 5.3.74.},
  note={http://www.praat.org/}
  }
@misc{saarenpaa2016comparative,
  title={A Comparative Corpus Study on Intensifiers in Canadian English and New Zealand English},
  author={Saarenp{\"a}{\"a}, Tuomas},
  year={2016}, 
  school={University of Tampere, School of Language, Translation and Literary Studies}
  }
@misc{sankoff2005goldvarb,
  author={Sankoff, David and Tagliamonte, Sali A and Smith, Eric},
  year={2005},
  title={Goldvarb X: A variable rule application for Macintosh and Windows}, school={Department of Linguistics, University of Toronto}
  }
@misc{scharping2016storyarcs,
  author={Scharping, Nathaniel},
  year={2016},
  title={6 Story Arcs Define Western Literature, Data-Mining Study Reveals},
  journal={Discover. Science for the Curious},
  note={http://blogs.discovermagazine.com/d-brief/2016/07/06/the-6-story-arcs-that-define-western-literature/}
  }
@misc{schilling1999poker,
  author={Schilling-Estes, Natalie},
  year={1999},
  title={Reshaping economies, reshaping identities: Gender-based patterns of language variation in Ocracoke English},
  journal={Engendering Communication: Proceedings of the Fifth Berkeley Women and Language Conference},
  address={Berkeley},
  publisher={Berkeley Women and Language Group},
  pages={509-520}
  }
@misc{schweinberger2010like,
  author={Schweinberger, Martin},
  year={2010},
  title={Epistemic Modality and Discourse Markers. A quantitative analysis of the distribution and function of discourse marker LIKE across varieties of English},
  howpublished={Paper presented at ModE4 (Modality in English 4)},
  note={Madrid, 9th-11th September, 2010}
  }
@misc{schweinberger2015antconc,
  author={Schweinberger, Martin},
  title={Workshop: AntConc \& Excel},
  howpublished={Workshop materials provided during a workshop at the Leibniz Universit{\"a}t Hannover},
  year={2015}
  }
@misc{schweinberger2016intacquisition,
  author={Schweinberger, Martin},
  year={2016},
  title={On the Acquisition of Intensifier Constructions},
  howpublished={17. NLK 2016 (17. Norddeutsches Linguistisches Kolloquium)},
  note={Hamburg, 31/3-2/4/2016}
  }
@misc{schweinberger2016ongoingire,
  author={Schweinberger, Martin},
  year={2016},
  title={Ongoing Changes in the Irish Intensifier System},
  howpublished={NPIE4 (New Perspectives on Irish English 4)},
  note={Bergen, Norway, 5-7/7/2016}
  }
@misc{schweinberger2016ongoingnze,
  author={Schweinberger, Martin},
  year={2016},
  title={Ongoing change in the New Zealand English Intensifier System},
  howpublished={Paper presented at ISLE4 (International Society for the Linguistics of English)},
  note={Poznan, Poland, 18-21/9/2016}
  }
@misc{schweinberger2016sentiment,
  author={Schweinberger, Martin},
  year={2016},
  title={Using Sentiment Analysis to Investigate the Social Stratification of Emotives in Irish English},
  howpublished={Poster presented at ST \& D 2016 (Society for Text \& Discourse 2016)},
  note={Kassel, 18-20/7/2016}
  }
@misc{schweinberger2016verygoodnze,
  author={Schweinberger, Martin},
  year={2016},
  title={Very good, really great, absolutely amazing - Sociolinguistic Variation in New Zealand's Intensifier System},
  howpublished={Invited Application Talk [W1-professorship in English Linguistics]},
  note={University of Erlangen-Nuremberg, 20/7/2016}
  }
@misc{schweinberger2017adjectiveintensifiers,
  author={Schweinberger, Martin},
  year={2017},
  title={Using intensifier-adjective bi-grams to investigate mechanisms of change},
  howpublished={Paper presented at ICAME38},
  note={Prague, 27/5/2017}
  }
@misc{scientificamerican2018distrust,
  title={(Dis)trust in Science. Can we cure the scourge of misinformation?},
  author={Tsipursky, Gleb},
  year={2018},
  date={5/7/2018},
  url={https://blogs.scientificamerican.com/observations/dis-trust-in-science/}
  }
@misc{sciencealert2018replication,
  title={Science's 'Replication Crisis' Has Reached Even The Most Respectable Journals, Report Shows},
  author={McRae, Mike},
  year={2018},
  date={27/8/2018},
  url={https://www.sciencealert.com/replication-results-reproducibility-crisis-science-nature-journals}
  }
@misc{tancock2018peerreview,
  author={Tancock, Christopher},
  year={2018},
  title={When reviewing goes wrong: the ugly side of peer review},
  journal={Elsevier},
  note={https://www.elsevier.com/connect/editors-update/when-reviewing-goes-wrong-the-ugly-side-of-peer-review}
  }
@misc{traugott1995role,
  title={The role of the development of discourse markers in a theory of grammaticalization},
  author={Traugott, Elizabeth Closs},
  howpublished={Paper presented at the 12th International Conference on Historical Linguistics},
  year={1995},
  month={August}
  }
@misc{uscensus1990,
  author={U.S.CensusBureu},
  title={1990 Census of Population. General Population Characteristics United States},
  organization={United States Census Bureu},
  url={http://www2.census.gov/library/publications/decennial/1990/cp-1/cp-1-1.pdf},
  year={1992}
  }
@misc{vox2018more,
  title={More social science studies just failed to replicate. Here’s why this is good.What scientists learn from failed replications: how to do better science.},
  author={Resnick, Brian},
  year={2018},
  date={27/8/2018},
  url={https://www.vox.com/science-and-health/2018/8/27/17761466/psychology-replication-crisis-nature-social-science}
  }
@misc{wagner2017icame,
  author={Wagner, Susanne},
  year={2017},
  title={Amplifier-adjective 2-grams world-wide: focus on pretty},
  howpublished={Paper presneted at ICAME 37},
  note={Charles University Prague, 27/5/2017}
  }
@misc{wals,
  author={Dryer, Matthew S. and Haspelmath, Martin},
  year={2013},
  title={The World Atlas of Language Structures Online},
  address={Leipzig},
  publisher={Max Planck Institute for Evolutionary Anthropology},
  url={http://wals.info}, 
  date={2017-06-29}
  }
@misc{iceaus,
  title={The Australian component of the International Corpus of English (ICE-Aus)},
  year={fc.},
  author={Peters, Pam},
  publisher={Macquarie University},
  address={Sydney},
  url={https://www.ausnc.org.au/corpora/ice}, 
  date={2018-12-07}
  }
@phdthesis{cedergren1973interplay,
  title={The interplay of social and linguistic factors in Panama},
  author={Cedergren, Henrietta Cecilia Jonas},
  year={1973}, school={Cornell University}
  }
@phdthesis{darcy2005like,
  title={Like: Syntax and development},
  author={D'Arcy, Alexandra Faith},
  year={2005}, school={University of Toronto}
  }
@phdthesis{denis2015development,
  title={The Development of Pragmatic Markers in Canadian English},
  author={Denis, Derek},
  year={2015}, school={University of Toronto}
  }
@phdthesis{gibson1976thesis,
  title={A thesis on eh},
  author={Gibson, Deborah Jean},
  year={1976}, school={University of British Columbia}
  }
@phdthesis{godfrey2011conceptual,
  title={Conceptual Metaphors of Emotion in Spoken Language: Good Is Up in Semantics and Prosody},
  author={Godfrey, Hazel K},
  year={2011}, school={Victoria University of Wellington}
  }
@phdthesis{goldberg1980discourse,
  title={Discourse particles: An analysis of the role of Yoknow, I mean, well and actually in conversation},
  author={Goldberg, Julia Anna},
  year={1980}, school={University of Cambridge}
  }
@phdthesis{gray2010s,
  title={It's Like 120 Milliseconds: A Search for Grammaticalization in the Duration of Like in Five Functions},
  author={Gray, Frances Rankin},
  year={2010}, school={University of Georgia}
  }
@phdthesis{modaressi1978sociolinguistic,
  title={A sociolinguistic investigation of modern Persian},
  author={Modaressi, Yahya}, school={University of Kansas dissertation},
  year={1978}
  }
@phdthesis{schourup1982like,
  title={Common discourse particles in English conversation},
  author={Schourup, Lawrence C},
  year={1982}, school={Ohio State University}
  }
@phdthesis{schweinberger2014like,
  title={The discourse marker LIKE: a corpus-based analysis of selected varieties of English},
  author={Schweinberger, Martin},
  year={2014}, school={University of Hamburg}
  }
@phdthesis{yates2012effect,
  title={The Effect of Gender and Familiarity on the Use of like in New Zealand English},
  author={Yates, Rebecca Anna},
  year={2012}, school={University of Otago}
  }
  